2367 3817
159 456 223 503 Car.
238 456 280 514 65,
291 456 332 502 66.
387 452 442 502 DE·
455 454 606 505 NATURA
626 454 794 504 DEORUM·
948 457 992 505 lll

159 585 252 625 rerum
273 567 342 625 latet
357 567 474 637 utilitas,
489 587 560 643 quae
574 566 610 625 ad
625 587 707 626 usum
721 567 869 626 hominum
884 577 944 626 orto
958 570 994 627 ob

159 648 319 706 hominibus
334 648 397 706 solis
411 648 563 707 invenitur.

202 729 295 787 LXV.
317 728 393 786 Illud
409 748 483 796 vero,
508 728 582 805 quod
604 736 720 805 uterque
735 738 861 787 vestrum
881 729 993 788 fortasse

160 809 272 887 arripiet
285 809 322 867 ad
337 809 615 887 reprehendendum:
638 810 729 877 Cotta,
751 810 818 885 quia
839 810 993 869 Carneades

160 891 278 948 libenter
293 890 322 948 in
337 890 442 947 Stoicos
452 890 658 959 invehebatur;
681 890 816 958 Velleius,
842 890 909 967 quia
921 891 992 949 nihil

161 981 220 1029 tarn
235 970 331 1030 irridet
347 970 494 1048 Epicureo,
510 991 596 1048 quam
610 971 825 1049 praedictionem
840 990 933 1029 rerum
947 972 992 1029 fu·
1010 1024 1013 1030 ,

161 1062 308 1112 turanum:
332 1052 404 1109 mihi
419 1051 531 1109 videtur
545 1053 588 1110 vel
604 1052 727 1110 maxime
742 1051 913 1121 confirmare,
928 1051 993 1110 deo-

161 1153 225 1192 rum
239 1133 413 1211 providentia
429 1133 533 1191 consuli
554 1135 636 1192 rebus
657 1134 797 1191 humanis.
840 1133 892 1191 Est
916 1132 992 1191 enim

160 1214 280 1291 profecto
294 1214 439 1283 divinatio,
455 1234 525 1290 quae
540 1213 638 1273 multis
651 1214 726 1284 locis,
746 1216 837 1284 rebus,
859 1214 992 1291 tempori·

160 1296 213 1353 bus
227 1304 349 1372 apparet,
366 1305 429 1352 tum
444 1294 474 1352 in
489 1296 615 1374 privatis,
629 1304 693 1353 tum
706 1296 830 1354 maxime
847 1294 877 1352 in
899 1295 991 1373 publi·

162 1376 208 1434 cis.
251 1377 345 1434 Multa
359 1384 475 1434 cernunt
488 1377 646 1454 haruspices
658 1395 665 1430 z
687 1377 779 1434 multa
790 1396 910 1453 augures
928 1396 990 1452 pro·

162 1455 276 1515 vident:
299 1457 391 1514 multa
405 1456 522 1514 oraculis
542 1456 725 1525 declarantur,
750 1457 843 1514 multa
857 1456 992 1513 vaticina·

162 1537 294 1605 tionibus,
318 1537 410 1595 multa
434 1536 557 1605 somniis,
586 1537 678 1594 multa
701 1536 852 1613 portentis:
890 1536 992 1612 quibus

162 1617 288 1694 cognitis,
304 1617 410 1674 multae
424 1636 504 1693 saepe
518 1636 560 1674 res
579 1615 729 1675 hominum
750 1616 887 1675 sententia
907 1626 992 1692 atque

162 1698 287 1757 utilitate
300 1706 403 1775 partae,
418 1697 510 1753 multa
530 1696 617 1755 etiam
636 1697 758 1774 pericula
778 1697 892 1774 depulsa
915 1707 991 1755 sunt.

164 1780 242 1837 Haec
256 1778 342 1854 igitur
355 1778 413 1835 sive
427 1777 479 1845 vis,
494 1776 619 1845 sirecte,
642 1777 701 1835 sive
716 1787 827 1845 natura,
848 1777 884 1835 ad
905 1777 993 1835 scien-

163 1860 233 1917 tiam
247 1879 341 1917 rerum
361 1859 520 1917 futurarum
542 1858 650 1916 homini
673 1859 792 1935 profecto
813 1868 864 1928 est,
886 1878 937 1917 nec
958 1861 994 1918 ab

163 1940 217 1999 alio
230 1940 323 2008 alieni,
339 1960 425 2017 quam
442 1960 459 1997 a
473 1938 526 1997 diis
541 1939 745 1999 immortalibus
759 1940 833 1999 data.
875 1939 953 2007 Quae
970 1941 993 1998 si

164 2023 336 2100 singulares
357 2021 426 2079 forte
446 2040 502 2079 non
515 2029 640 2090 movent,
663 2020 793 2079 universa
805 2031 878 2092 certe
899 2030 995 2079 tamen

164 2107 237 2163 inter
250 2124 279 2162 se
293 2121 416 2159 connexa
429 2111 514 2176 atque
527 2102 675 2179 conjuncta
688 2121 799 2160 movere
813 2101 962 2159 debebunt.

206 2184 270 2244 Nee
294 2203 358 2241 vero
382 2182 510 2240 universo
534 2183 627 2258 generi
652 2183 800 2241 hominum
821 2182 922 2249 solnm,
946 2181 994 2239 scd

165 2267 250 2325 etiam
264 2264 389 2341 singulis,
404 2283 421 2320 a
434 2263 487 2320 diis
501 2263 706 2322 immortalibus
727 2263 831 2322 consuli
852 2271 880 2321 et
901 2264 994 2339 provi·

165 2348 223 2407 deri
252 2347 330 2405 solet.
374 2344 452 2402 Licet
486 2343 562 2400 enirn
596 2344 756 2402 contrahere
783 2343 994 2401 universitatem

166 2426 271 2506 generis
285 2424 412 2490 humani,
437 2443 554 2497 eamque
568 2423 707 2498 gradatim
720 2423 757 2482 ad
767 2423 918 2500 pauciores,
930 2443 996 2500 pos-

166 2524 255 2582 tremo
269 2506 403 2563 deducere
417 2503 453 2561 ad
466 2503 598 2579 singulos.

209 2587 319 2647 LXVI.
342 2585 421 2643 Nam
436 2585 460 2643 si
474 2584 605 2643 omnibus
628 2582 798 2651 hominibus
821 2583 869 2660 qui
890 2582 997 2659 ubique

167 2679 434 2745 sunt‚·quacumque
444 2666 474 2723 in
488 2686 535 2723 ora
545 2685 577 2725 ao
588 2675 666 2743 parte
675 2674 820 2733 terrarum,
836 2665 871 2722 ab
880 2664 995 2741 hujusce

167 2762 265 2819 terrae,
276 2769 361 2826 quam
373 2769 423 2806 nos
433 2747 590 2815 incolimus,
602 2746 807 2805 continuatione
818 2745 994 2814 distantium,

168 2833 232 2890 deos
257 2830 396 2889 consulere
419 2848 562 2887 censemus
585 2829 621 2886 ob
642 2848 687 2886 eas
712 2847 815 2895 causas,
840 2847 909 2903 quas
930 2839 996 2884 ante

168 2912 310 2971 diximus:
333 2910 377 2967 his
390 2928 500 2985 quoque
521 2904 852 2976 hominibus'eonsulunt,
874 2907 923 2983 qui
945 2908 996 2963 has

167 2992 312 3050 nobiscum
336 2998 421 3046 terras
444 2990 480 3045 ab
508 2989 612 3046 oriente
634 2987 670 3045 ad
698 2988 867 3046 occidentem
891 2988 998 3052 colunt,

169 3073 220 3131 Sin
234 3080 329 3130 autem
350 3070 394 3127 his
413 3069 569 3136 consulunt,
591 3069 640 3144 qui
661 3068 739 3144 quasi
760 3087 890 3143 magnam
906 3087 994 3142 quen-

169 3154 235 3212 dum
249 3152 370 3210 insulam
385 3150 519 3218 incolunt,
541 3169 627 3225 quam
641 3169 692 3207 nos
704 3151 802 3207 orbem
813 3161 1008 3203 terraeme-

166 3253 250 3290 inos:
269 3232 356 3290 etiam
371 3232 427 3289 illis
449 3230 614 3301 consulunt,
636 3230 691 3308 qut
708 3238 810 3307 partes
830 3225 897 3297 etus
909 3217 1035 3270 ’ΝΜ

157 3321 263 3381 tenent,
279 3313 439 3393 Europam,
466 3315 585 3386 Asiam,
611 3313 760 3373 niueam.
800 3306 890 3373 ἳιῖἳθ
903 3304 940 3350 ὓ·
952 3297 1064 3341 mm*
