2367 3817
187 450 251 498 Car.
264 451 306 511 6⁰,
317 450 358 498 61⁴.
404 450 455 500 Du
472 450 625 504 NATURA
643 453 812 505 DEORUM.
971 458 1017 506 107

187 562 232 622 rel
245 562 414 624 mandentur
427 562 538 622 condita
552 565 696 623 vetustati.
739 566 778 624 Et
798 574 938 644 praeterea
953 590 1015 628 res-

187 644 277 704 cimur
290 644 385 701 bestiis
399 653 426 701 et
441 645 556 703 terrenis
570 654 599 703 et
609 646 789 721 aquatilibus,
803 657 831 706 et
847 648 1014 719 volatilibus,

187 726 290 802 partim
316 724 456 802 sapiendo,
481 725 584 802 partim
606 726 713 785 alendo.
755 728 901 788 Efficimus
928 730 1014 789 etiarn

187 806 296 865 domitu
309 816 402 865 nostro
416 806 629 883 quadrupedum
650 808 806 868 vectiones:
831 830 949 885 quorum
971 832 1013 870 ce·

187 887 279 945 leritas
293 897 378 963 atquc
392 887 434 944 vis
448 887 527 946 nobis
541 888 607 965 ipsis
620 888 699 948 affert
715 890 775 948 vim
790 898 818 947 et
835 891 1013 951 celeritatem.

187 968 218 1026 N
219 988 250 1027 os
263 988 346 1028 onera
359 967 527 1045 quibusdam
541 970 646 1037 bestiis,
668 990 717 1029 nos
734 972 804 1049 juga
825 971 1012 1049 imponimus:

184 1069 234 1108 nos
248 1050 458 1128 elephantorum
473 1050 641 1109 acutissimis
656 1052 790 1122 sensibus,
805 1072 854 1110 nos
865 1053 1013 1131 sagacitate

179 1150 285 1192 eanum
302 1131 337 1189 ad
352 1131 505 1189 utilitatem
519 1142 642 1190 nostram
655 1133 819 1192 abutimur:
839 1153 889 1192 nos
899 1154 914 1192 e
925 1143 1013 1194 terrae

183 1212 308 1270 cavernis
321 1212 424 1270 ferrum
439 1212 574 1280 elicimus,
596 1233 655 1271 rem
669 1213 705 1272 ad
719 1214 844 1274 colendos
863 1236 941 1293 agius
961 1237 1011 1274 ne-

183 1294 348 1351 cessarium:
371 1313 421 1351 nos
434 1293 513 1361 aeris,
528 1294 645 1370 argenti,
660 1295 721 1353 suri
731 1316 825 1369 renas,
839 1298 951 1374 penitus
962 1300 1011 1356 ab·

161 1410 173 1421 „
182 1372 265 1443 dites,
276 1374 445 1442 invenimus,
457 1385 486 1433 et
494 1375 531 1434 ad
542 1396 625 1446 usum
636 1386 725 1452 aptas,
740 1387 769 1435 et
777 1376 812 1434 ad
823 1388 952 1436 ornatum
962 1379 1011 1437 de.

182 1473 275 1513 coras:
297 1456 427 1513 arborum
441 1465 536 1514 sutem
547 1458 727 1525 consentione,
742 1458 874 1532 omnique
882 1459 1009 1528 materia,

182 1544 211 1593 et
224 1536 310 1602 culta,
324 1544 353 1593 et
367 1535 495 1601 silvestri,
510 1536 614 1611 partim
627 1536 664 1594 ad
677 1536 892 1595 calefaciendum
903 1558 1009 1617 cerpus,

177 1615 240 1691 signi
253 1615 389 1684 adhibito,
404 1624 432 1673 et
448 1615 485 1673 sd
497 1615 686 1692 mitigandum
701 1617 795 1675 eibum
810 1619 927 1687 utimur,
947 1640 1010 1697 par-

182 1696 235 1753 tim
246 1696 283 1754 ed
292 1695 505 1763 aedificandum,
521 1707 553 1754 ut
563 1696 643 1754 tectis
655 1697 734 1774 septi,
749 1697 848 1775 frigora
857 1699 1010 1777 caloresque

180 1777 325 1854 pellamus.
368 1776 485 1853 Magnos
506 1797 570 1835 vero
592 1797 657 1835 usus
678 1778 757 1836 affert
778 1779 814 1838 ad
834 1780 948 1857 navigia
967 1782 1010 1841 fa-

181 1858 286 1927 cienda,
309 1877 427 1936 quorum
442 1858 566 1916 cursibus
580 1858 794 1935 suppeditantur
807 1881 902 1919 ornnes
925 1862 1007 1922 undi-

180 1959 234 2015 que
247 1940 284 1998 ad
298 1941 388 1998 vitam
402 1938 514 2016 copiae:
535 1959 658 2015 quasque
672 1960 714 1998 res
729 1940 942 2001 violentissimas
957 1964 1007 2005 na-

180 2030 243 2079 tura
257 2022 364 2098 genuit,
385 2040 481 2079 earum
495 2020 712 2079 moderationem
727 2042 777 2080 nos
792 2023 841 2081 soli
860 2024 1006 2094 babemus,

172 2103 264 2160 maris
287 2103 372 2179 atque
399 2110 557 2170 ventorum,
581 2111 694 2180 propter
715 2103 892 2162 nauticarum
913 2125 1005 2164 rerum

179 2182 339 2241 scientiam:
361 2182 544 2261 plurimisque
557 2183 707 2241 maritimis
721 2184 802 2242 rebus
816 2184 946 2256 fruimur,
960 2196 1007 2246 at.

178 2284 232 2338 que
246 2265 362 2325 utimur.
406 2265 591 2322 Terrenorum
605 2264 673 2323 item
688 2266 893 2325 commodorum
915 2267 1005 2327 omnis

178 2346 263 2403 estin
278 2344 573 2416 bominedominatus,
615 2345 677 2406 Nos
693 2348 807 2423 campis,
828 2368 878 2406 nos
899 2349 1005 2408 monti.

177 2428 230 2484 bus
250 2427 387 2485 fruimur:
410 2426 497 2483 nostri
518 2434 584 2484 sunt
605 2445 709 2496 amnes,
730 2429 817 2488 nostri
838 2428 931 2488 lacus:
954 2450 1004 2489 nos

177 2508 269 2585 fruges
282 2507 408 2574 serimus,
432 2526 481 2564 nos
495 2508 620 2566 arbores:
643 2527 693 2565 nos
707 2528 843 2584 aquarum
864 2511 1002 2571 inductio-

176 2589 268 2659 nibus,
280 2589 359 2647 terris
369 2587 584 2647 foecunditatem
595 2587 711 2648 murus:
727 2609 777 2648 nos
789 2591 908 2651 flumina
927 2613 1004 2652 arce-

175 2691 250 2739 mur,
265 2671 419 2748 dirigimus,
434 2669 604 2728 avertimus:
627 2670 726 2729 nostris
740 2671 859 2749 denique
872 2674 1001 2732 manibus

176 2752 313 2811 interum
326 2762 428 2811 natura
441 2751 520 2827 quasi
538 2751 656 2811 alteram
674 2764 806 2812 naturam
826 2755 933 2813 efficere
957 2776 1002 2815 co.

159 2852 285 2891 namur.
655 2873 660 2883 ·

216 2914 298 2971 LXl.
319 2912 394 2979 Quid
410 2913 497 2972 veto?
517 2913 666 2972 hominum
680 2914 751 2972 ratio
763 2935 820 2973 non
840 2915 870 2973 in
892 2916 999 2975 coelum

169 3015 263 3072 usque
277 2994 455 3072 penetravit?
479 2994 529 3052 soli
542 2994 619 3051 enim
633 3015 668 3052 ex
682 2994 871 3054 animantibus
885 3015 934 3053 nos
955 3016 1000 3054 as.

174 3086 281 3135 trorum
296 3085 381 3144 ortus,
396 3076 496 3142 obitus,
511 3094 661 3150 cursusque
675 3077 872 3152 cognovimus:
895 3076 931 3131 ab
948 3075 1000 3133 bo·

173 3158 285 3217 minum
299 3177 396 3234 genere
409 3156 507 3213 finitus
527 3164 569 3213 est
589 3156 658 3225 dies,
683 3158 799 3225 mensis,
819 3172 933 3242 annus:
951 3154 1004 3209 de-

167 3237 298 3297 fectiones
307 3239 372 3297 solis
381 3247 410 3297 et
420 3238 507 3298 lunae
515 3238 658 3319 cognitae,
666 3238 1033 3324 praedictaequemsmpe

152 3325 302 3393 {mierum
317 3329 445 3403 tempu&
462 3343 552 3403 quae,
561 3332 710 3405 quantae,
722 3305 1064 3399 quaerendorum·
