2367 3817
288 297 380 373 pium,
403 298 597 375 Tyndaridos:
621 300 773 358 Romulum
788 300 885 366 nostri,
906 298 957 357 alio

287 377 388 454 plures,
405 399 482 455 quos,
497 380 575 455 quasi
591 400 678 438 novos
690 390 719 438 et
734 380 918 458 adseriptitios
931 379 955 438 ei

288 458 349 517 lum
363 468 484 537 receptos
497 469 609 537 putent.
652 461 731 519 Haeo
743 461 830 536 igitur
842 460 955 519 indocti.

330 540 416 599 XVI.
439 540 515 609 Quid
529 561 577 600 vos
592 541 772 619 philosophi?
794 542 843 619 qui
858 542 958 599 melion

288 621 355 680 illo:
378 632 443 681 suut
457 621 532 681 enim
547 623 693 700 praeclaro.
732 623 780 681 Sit
794 642 859 681 sane
872 622 940 680 deus

290 702 350 761 dus.
395 704 456 761 Hoo
470 703 549 773 oredo
564 704 634 762 illud
648 723 706 762 esso

348 786 367 814 “
377 784 487 833 Sublime
498 784 615 844 audeus,
627 798 702 847 quom
713 783 830 831 invocent
840 782 957 831 omnesJ

289 863 382 931 Quare
396 866 481 942 igitur
494 866 586 943 plures
600 864 778 944 adjungimus
793 863 878 923 deos?
898 884 959 942 qua

288 955 330 1003 est
344 966 439 1004 eorum
455 946 631 1004 multitudo?
676 945 750 1003 Mihi
765 944 878 1021 quidem
893 965 959 1004 sone

288 1025 410 1092 <lentum
433 1027 554 1102 singulas
567 1026 643 1084 euim
657 1026 750 1085 stellas
767 1032 901 1085 'numeros
919 1026 959 1085 <le

287 1114 338 1163 aul
352 1106 507 1164 belluarum
521 1107 634 1164 nomine
648 1107 778 1185 appellas,
803 1118 835 1165 ut
850 1108 960 1185 Capuan

287 1206 364 1263 pam,
386 1196 419 1245 ut
434 1188 570 1257 Taurum,
594 1196 626 1245 ut
640 1188 781 1245 Leonem:
803 1197 853 1246 aut
867 1207 960 1247 oerum

286 1277 391 1336 torum,
407 1278 440 1326 ut
455 1270 540 1346 Argo,
555 1278 588 1327 ut
603 1269 702 1339 Aram,
717 1277 751 1327 ut
765 1269 911 1328 Coronam.

327 1348 383 1406 Sed
397 1360 429 1407 ut
443 1350 510 1407 haee
524 1350 717 1418 concedantur,
738 1350 844 1426 reliquo
858 1350 906 1427 qui
927 1358 960 1408 ta*

285 1429 367 1487 modo
377 1429 675 1498 concedi,oedomnino
683 1430 800 1508 intelligi
808 1432 944 1509 possunt?

286 1530 340 1588 ges,
357 1516 377 1544 “
388 1511 543 1581 Cererem,”
564 1512 673 1580 vinum,
690 1516 710 1543 ‘¹
721 1511 872 1569 Liberum”
890 1510 961 1570 dicio

286 1613 315 1650 re
328 1613 378 1652 nos
393 1593 506 1663 quidem
521 1593 653 1652 sermonis
668 1592 776 1651 utimur
795 1592 916 1649 usitato:
937 1612 961 1648 se
