2367 3817
174 490 240 540 Car.
257 489 348 549 16‚·17.
391 488 457 544 [DE
476 486 635 535 NATURA
654 484 825 536 DEORUM·
953 490 1000 537 las

173 602 241 660 scire
255 612 320 659 san'e
335 600 440 659 velim:
461 601 553 678 plures
567 598 643 657 enim
664 600 780 659 tradunt
800 599 879 667 nobis
894 599 930 669 r'i,
952 600 1000 678 qui

173 682 314 742 interiores
328 691 488 740 scrutantur
507 688 536 738 et
556 679 710 740 reconditas
730 681 842 740 literas:
864 681 1001 758 antiquis·

172 763 287 831 simum,
309 764 382 821 Jove
401 769 512 829 natum,
538 761 585 818 sed
605 761 799 836 antiquissimo
819 763 888 821 item
909 763 1000 821 Jove:

172 864 239 903 nam
252 845 271 902 J
274 864 338 903 oves
353 862 462 920 quoque
476 842 569 920 plures
589 841 619 899 in
640 842 735 919 priscis
750 843 916 901 Graecorum
938 844 1001 902 lite·

172 926 209 983 ris
223 924 392 982 invenimus.
434 924 524 981 Exeo
539 922 625 999 igitur
638 933 667 980 et
689 923 785 1000 Lisyto
800 934 841 982 est
855 924 878 981 is
893 925 1001 982 Hercu·

171 1005 219 1074 les,
241 1025 326 1081 quem
351 1004 548 1062 concertavisse
563 1022 627 1061 cum
644 1003 774 1080 Apolline
788 1004 821 1062 de
835 1005 942 1081 tripode
955 1024 1001 1063 ac-

173 1087 304 1163 cepimus.
344 1086 430 1143 Alter
456 1084 577 1143 traditur
606 1084 674 1141 Nilo
699 1094 805 1154 natus,
822 1086 999 1163 Aegyptius:

172 1178 256 1243 q'uem
278 1167 359 1225 aiunt
381 1166 515 1243 Phrygias
536 1165 629 1223 literas
651 1161 846 1243 conscripsisse.-
890 1166 1002 1224 Tertius

172 1256 270 1305 estex
291 1247 382 1306 Idaeis
407 1246 520 1324 Digitio,
542 1246 586 1305 cui
607 1245 716 1304 inferias
740 1247 869 1306 afferunt.
899 1246 1003 1314 >Quar-

172 1338 228 1397 tus,
252 1328 332 1387 Jovis
357 1338 385 1387 et
412 1328 547 1395 Asteriae,
576 1328 699 1385 Latonae
724 1328 829 1396 sororis,
858 1329 908 1405 qui
933 1328 1001 1405 Tyri

171 1409 297 1468 maxime
320 1410 439 1468 colitur:
460 1411 540 1486 cujus
563 1407 763 1483 Carthaginem
788 1408 875 1465 filiam
900 1408 1002 1466 ferunt.

173 1488 297 1555 Quintus
311 1490 341 1545 in
355 1489 448 1556 India,
468 1489 518 1563 qui
525 1487 617 1545 Belus
638 1486 748 1543 dicitur.
791 1489 894 1546 Sextus
908 1490 954 1546 hic
967 1508 1004 1548 ex

173 1570 340 1636 Alcumena,
357 1588 442 1645 quem
458 1567 570 1644 Jupiter
581 1566 687 1643 genuit,
703 1566 750 1624 sed
761 1568 860 1626 tertius
874 1569 1002 1646 Jupiter:

173 1648 315 1725 qnoniam,
337 1658 370 1707 ut
380 1649 441 1726 jam
456 1648 567 1714 docebo,
592 1645 684 1723 plures
698 1647 716 1703 J
719 1667 782 1705 oves
797 1648 882 1707 etiam
897 1649 1003 1727 accepi-

173 1748 247 1786 mus.
608 1741 612 1748 ’

215 1808 317 1866 XVII.
339 1808 456 1875 Quando
470 1807 545 1866 enim
561 1828 609 1866 me
627 1807 656 1865 in
678 1808 752 1868 hunc
774 1811 864 1869 locum
886 1810 1003 1878 deduxit

174 1889 270 1959 oratio,
292 1888 402 1958 docebo,
424 1890 538 1947 meliora
558 1908 604 1947 me
618 1889 745 1948 didicisse
759 1892 793 1949 de
807 1892 926 1951 colendis
950 1892 1003 1950 diis

173 1971 378 2029 immortalibus
388 1972 452 2048 jure
466 1970 615 2047 pontificio,
632 1980 660 2028 ct
671 1974 810 2049 majorum
822 1993 907 2039 more,
922 1993 1003 2051 cape-

172 2051 301 2109 dunculis
315 2051 358 2120 iis,
373 2071 442 2128 quas
457 2051 557 2109 Numa
572 2051 651 2109 nobis
665 2051 787 2129 reliquit,
809 2054 843 2110 de
858 2055 959 2131 quibus
973 2054 1002 2111 ia

172 2132 221 2191 illa
235 2132 345 2196 aureola
355 2132 527 2191 oratiuncula
540 2131 608 2190 dicit
620 2132 739 2201 Laelius,
754 2153 840 2209 quam
849 2134 1002 2193 rationibus

172 2212 338 2271 Stoicorum.
379 2213 410 2270 Si
425 2212 501 2270 enim
516 2231 564 2269 vos
578 2231 686 2288 sequar,
702 2212 755 2282 dic,
772 2215 839 2291 quid
855 2216 879 2273 ei
891 2234 1002 2295 respon·

172 2293 263 2361 deam,
285 2294 335 2369 qui
355 2314 401 2351 me
415 2294 453 2350 sic
467 2303 563 2369 roget:
585 2294 616 2350 Si
638 2293 676 2350 dii
696 2304 771 2362 sunt,
794 2300 895 2354 suntne
916 2296 1002 2354 etiam

173 2372 328 2450 Nymphae
339 2374 427 2432 deae?
461 2373 491 2430 Si
504 2373 533 2429 N
537 2373 667 2448 ymphae,
681 2374 788 2431 Panisci
800 2376 894 2446 etiarn,
910 2387 939 2434 et
950 2377 1002 2435 Sa.

172 2453 238 2530 tyri.
267 2454 308 2511 Hi
318 2462 415 2511 autem
425 2472 481 2510 non
493 2462 575 2510 sunt:
597 2472 632 2509 ne
646 2452 799 2530 Nymphae
811 2456 923 2532 quidem
936 2457 1002 2515 deae

172 2533 266 2611 igitur.
308 2534 350 2591 At
364 2553 461 2593 earum
482 2532 586 2609 templa
601 2540 666 2589 sunt
680 2534 788 2609 publice
802 2546 869 2594 vota
881 2546 910 2596 et
924 2538 1001 2595 dedi‹

171 2624 242 2673 eata.
285 2614 361 2681 Quid
372 2614 478 2690 igitur?
501 2632 536 2670 ne
551 2612 651 2670 caeteri
665 2613 778 2690 quidem
792 2637 854 2694 ergo
869 2618 917 2686 dii,
933 2639 1001 2695 quo,-

172 2713 236 2753 rum
251 2695 357 2773 templa
381 2705 447 2752 sunt
471 2692 605 2751 dedicata.
649 2693 710 2771 Age
734 2714 822 2772 porro,
847 2698 949 2756 lovem
975 2713 1002 2758 et

174 2776 345 2853 Neptunum
359 2774 444 2833 deum
458 2794 599 2833 numeras.
641 2774 713 2851 Ergo
728 2776 813 2836 etium
829 2777 926 2848 Orcus,
947 2779 1001 2838 fra·

172 2869 215 2913 ter
235 2876 341 2924 eorum,
363 2855 430 2914 deus
440 2876 449 2924 ς
471 2864 499 2914 et
519 2854 570 2923 illi,
592 2854 641 2932 qui
657 2855 743 2913 fluere
756 2858 830 2934 apud
845 2859 944 2917 inferos
958 2860 1002 2916 di.

172 2944 283 3005 cuntur,
307 2936 445 3003 Acheron,
460 2935 592 3011 Cocytus,
613 2935 696 3011 Styx,
720 2937 890 3014 Phlegethon
902 2960 912 3007 ;
938 2950 1002 2996 turn

173 3017 293 3085 Charon,
316 3025 378 3075 tum
399 3016 542 3084 Cerberus,
563 3015 603 3072 dii
617 3016 745 3091 putandi.
788 3020 829 3076 At
843 3017 872 3082 id
888 3018 1002 3093 quidem

171 3096 395 3175 repudiandum:
418 3116 453 3154 ne
468 3096 556 3155 Orous
570 3095 684 3173 quidam
706 3096 799 3174 igitur.
843 3096 918 3165 Quid
933 3097 1001 3157 dici·

172 3179 210 3236 tis
224 3197 286 3254 ergo
301 3177 335 3235 de
348 3177 500 3236 fratribus?

207 3258 287 3315 Haec
303 3258 462 3320 Carneades
477 3260 592 3339 agebat,
605 3280 669 3320 non
681 3266 722 3317 ut
734 3257 809 3316 deas
818 3250 957 3308 tsbhffihr
973 3242 1040 3320 agn

819 3326 882 3387 aen
897 3328 944 3378 ut.
955 3315 1040 3368 Qun

155 3335 234 3394 enim
252 3338 429 3423 philosopho
445 3342 555 3405 minus
577 3337 791 3431 conueniens*-
845 3424 867 3463 ι
