2367 3817
186 474 248 522 Can.
262 473 355 533 2930.
424 470 474 520 DE
493 470 643 520 NATURA
664 469 830 519 DEORUM.
970 474 1014 520 111

186 584 240 641 1110
254 603 318 641 vero
333 583 362 641 in
377 581 561 660 Synephebis,
577 581 808 639 Academicorum
822 599 907 651 more,
919 593 1018 640 ‘contra

186 673 365 722 communem
380 663 538 741 opinionem
552 683 607 720 non
623 661 733 720 dubitat
754 682 877 739 pugnare
900 664 1015 730 ratione,

184 745 245 821 qui,
261 745 290 801 in
305 764 398 803 amore
412 762 532 813 summo,
554 762 720 819 summaque
735 743 837 820 inopia,
859 763 945 802 suave
959 764 1017 801 osse

186 825 265 892 dicit,
369 833 372 837 ’

253 934 271 963 “
285 931 419 980 Potentem
430 930 522 979 habere
533 944 645 987 avarum,
657 931 794 993 illepidum,
807 929 833 978 in
844 930 934 979 liberos

287 998 430 1055 Difficilem,
442 997 485 1059 qui
497 1004 523 1045 te
534 1013 581 1045 nec
592 1004 669 1058 amet,
681 1013 728 1045 nec
740 998 838 1046 studeat
849 997 915 1044 tui.”

186 1095 283 1186 iltque
297 1094 363 1153 huic
378 1093 530 1152 incredibili
552 1094 708 1152 sententiae
728 1092 898 1171 ratiunculas
918 1114 1015 1172 sugge-

184 1187 221 1233 r'ut
233 1196 241 1231 :

252 1287 270 1313 “
281 1283 333 1342 Aut
344 1289 372 1332 tn
384 1283 454 1331 illum
466 1283 549 1332 fructu
560 1283 649 1332 trullas:
668 1289 712 1332 aut
723 1300 767 1347 per
778 1284 862 1332 literas

187 1408 189 1415 Ι
229 1397 231 1401 ,
282 1352 393 1399 Aventas
404 1351 503 1413 aliquod
515 1366 623 1408 nomen3
640 1356 683 1398 aut
695 1367 740 1413 per
750 1349 874 1398 servolum

284 1416 414 1465 Percutias
426 1418 551 1479 pavidum.
565 1417 567 1421 ’
587 1417 724 1474 Postremo,
736 1432 751 1464 a
762 1409 835 1478 pu'rco
848 1422 918 1477 patre

285 1483 360 1538 Quod
371 1499 463 1543 sumas,
474 1489 568 1545 quanto
577 1483 686 1545 dissipas
698 1483 815 1530 libentius
824 1483 852 1529 i”

117 1564 123 1570 ⁸
183 1576 319 1656 Idemque
339 1580 447 1637 facilem
462 1588 490 1637 et
504 1579 646 1637 liberalem
670 1588 778 1657 patrem
805 1578 1013 1636 incommodum

182 1679 240 1717 esse
253 1660 360 1746 amanti
374 1660 432 1719 filio
446 1659 570 1738 disputat
586 1682 594 1727 ς
616 1680 700 1736 quem
1003 1674 1008 1679 ·

190 1817 204 1826 ¹,
216 1767 234 1794 “
246 1761 337 1829 Neque
347 1783 396 1830 quo
407 1772 480 1830 pacto
490 1768 585 1825 fallam,
600 1783 680 1829 neque
693 1766 752 1829 quid
763 1766 820 1814 inde
831 1766 951 1823 auferam,

199 1847 202 1851 ·
248 1831 305 1881 Nee
316 1845 390 1897 quem
402 1835 485 1882 dolum
496 1836 529 1883 ad
540 1850 607 1892 oum,
620 1840 663 1881 aut
675 1832 816 1881 machinam
826 1833 977 1893 commoliar,

185 1918 189 1924 ·
248 1898 304 1946 Scio
315 1900 466 1963 quidquam:
486 1901 521 1949 ita
532 1914 619 1947 omnes
629 1915 697 1950 meos
709 1899 786 1957 dolos,
799 1900 919 1957 fallacias,

186 2006 189 2011 .
249 1966 408 2031 Pmestigias,
421 1968 583 2028 praestrinxit
594 1967 756 2014 commoditas
768 1966 872 2027 patris.”

181 2073 256 2139 Quid
271 2094 333 2151 ergo
348 2074 394 2133 isti
408 2074 486 2133 doli?
510 2076 578 2152 quid
592 2076 760 2133 machinae?
791 2073 858 2150 quid
879 2055 1010 2142 fallaciae,

180 2154 420 2233 praestigiaeque?
457 2176 527 2215 num
549 2158 608 2215 sine
631 2155 738 2215 ratione
758 2175 815 2212 esse
835 2157 1009 2232 potuerunt?

182 2235 205 2292 O
227 2236 399 2313 praeclarum
419 2257 524 2296 munus
549 2236 684 2296 deorum!
720 2247 754 2295 ut
776 2235 906 2294 Phormio
926 2235 1011 2314 possit

181 2315 287 2388 dicere,-

186 2485 188 2490 .
214 2424 424 2501 “Cedoaenem:
445 2426 499 2490 jam
511 2426 633 2476 instructa
644 2425 706 2474 mihi
717 2432 775 2474 sunt
787 2425 813 2473 in
825 2424 898 2472 corde
909 2398 1011 2474 consilia

280 2493 391 2539 omnia.”

182 2639 186 2646 .
219 2586 320 2645 XXX.·
342 2587 398 2646 Sed
411 2608 543 2647 exeamus
560 2610 575 2646 e
595 2590 723 2647 theatro:
750 2586 896 2647 veniamus
916 2583 946 2645 in
967 2586 1008 2644 fo-

179 2688 251 2727 rum.
292 2668 406 2728 Seasum
421 2669 444 2727 it
457 2678 573 2746 praetor.
617 2669 716 2736 Quid?
744 2667 938 2747 utjudicetur‚
959 2668 1009 2744 qui

178 2747 349 2806 tabularium
363 2749 524 2807 incenderit.
566 2749 647 2816 Quod
658 2749 775 2807 iacimus
786 2748 941 2808 occultius?
964 2751 1007 2808 At

179 2848 207 2884 se
221 2826 255 2894 Q.
271 2828 386 2896 Sosius,'
397 2830 556 2907 splendidus
570 2850 653 2906 eques
667 2830 811 2888 Romanus
825 2850 860 2887 ex
880 2850 944 2908 agro
960 2829 1006 2888 Pi·

179 2914 255 2978 cen‘o,
276 2908 370 2966 secisse
383 2908 520 2974 confessus
534 2920 600 2977 est..
626 2909 683 2976 Qui
703 2909 902 2988 transcripserit
923 2912 1005 2988 tabu:

177 2988 219 3046 las
232 2988 380 3065 publicas?
411 2990 443 3047 ld
460 3010 570 3067 quoque
585 2992 617 3047 L.
633 2990 740 3047 Alenus
751 2990 825 3058 fecit,
840 3010 904 3048 cum
916 2989 1006 3065 chiro-⁴

178 3070 315 3146 graphum
331 3070 555 3147 Sexfprimorum
570 3071 698 3130 imitatus
712 3080 762 3128 cst.
804 3070 878 3137 Quid
892 3071 943 3128 hoc
955 3070 1006 3127 ho·

176 3150 254 3208 mine
279 3150 429 3208 solertius?
454 3164 457 3168 '
482 3152 620 3230 Cognosce
645 3150 713 3208 alias
738 3150 923 3228 quaestiones,
944 3151 1008 3206 auri

193 3229 313 3298 voluseni,
340 3230 544 3311 conjurationis
565 3232 776 3313 lugurtlirnae.
807 3230 928 3301 unque
942 3242 1034 3292 aasz·

162 3305 256 3366 riores
289 3310 401 3373 Tubuli
415 3314 453 3377 de
467 3316 598 3399 pecunia
612 3320 704 3397 capta
717 3314 833 3373 otnero
841 3293 1062 3383 Quamnam·-
