2367 3817
285 264 919 393 {sifi}dyffdssiffdis'lffien‘andfi'e'es‘tss'n'o'e

284 395 374 456 natos,
389 394 417 445 et
431 405 500 462 quoe
513 386 664 455 Homerus,
678 385 727 462 qui
741 405 834 445 reeens
847 387 883 445 ab
896 387 918 445 il

285 466 350 536 suit,
371 467 492 545 sepultos
505 486 562 525 esea
575 466 644 525 dicit
659 466 874 537 Lacedaemone,
893 488 918 527 e<

286 547 334 606 riis
355 548 435 617 albin,
459 547 545 607 nullia
568 548 719 617 calonibus,
744 548 856 608 obviam
871 548 917 608 Va

285 629 438 698 existimas,
447 638 476 688 et
484 628 630 688 victoriam
639 628 735 707 populi
746 629 867 689 Romani
879 629 918 689 Va

284 710 392 769 homini
407 710 519 779 rustico,
538 730 624 788 quam
640 711 682 768 M.
696 710 807 779 Catoni,
821 710 870 787 qui
884 721 917 770 tu

285 811 356 869 eepe,
380 790 576 850 nuntiavieae?
620 792 693 869 Ergo
717 800 746 851 et
775 791 845 850 illud
869 791 899 850 in

284 872 366 931 hodie
377 882 490 950 apparet
499 872 574 951 apud
586 872 737 950 Regillum,
752 882 886 950 tanquam
897 893 915 931 v

284 953 375 1031 gulae,
390 952 511 1012 Castoris
524 953 589 1030 equi
604 952 690 1012 eredis
704 957 782 1012 esee?
826 952 914 1012 Nonn

284 1034 402 1103 credere,
427 1033 502 1111 quod
524 1033 634 1111 probari
657 1043 757 1112 potent,
781 1033 916 1112 animoa]

284 1115 443 1183 hominum,
468 1113 564 1192 quales
587 1114 635 1173 isti
660 1114 838 1193 Tyndaridae
856 1114 915 1174 fuet

283 1216 343 1254 esee
354 1205 384 1255 et
396 1205 532 1267 aetemoe,
551 1214 638 1272 quam
651 1215 706 1265 eos,
719 1195 769 1273 qui
783 1195 869 1254 semel
882 1216 915 1255 en

283 1277 416 1355 equitate,
431 1286 460 1335 et
473 1277 503 1335 in
514 1277 572 1335 acie
581 1296 705 1355 pugnare
717 1276 860 1354 potuisse?
881 1297 915 1336 au

284 1359 406 1433 potuisse
419 1358 497 1426 dicia,
518 1357 616 1417 doceas
629 1367 745 1435 oportet,
760 1357 907 1434 quomodo,

283 1440 369 1497 aniles
383 1438 509 1516 profetae.
552 1437 629 1496 Tum
645 1438 779 1507 Lucilius,
799 1439 847 1497 An
861 1438 913 1497 tibi

282 1520 370 1579 bellae
381 1519 533 1579 videntur?
568 1519 673 1579 Nonne
683 1521 718 1578 ab
730 1520 768 1578 Α.
780 1519 913 1579 Postumi(

284 1602 336 1660 teri
351 1612 380 1661 et
394 1600 499 1659 Polluci
514 1602 543 1660 in
557 1601 615 1660 foro
624 1600 798 1660 dedicatam:
819 1620 911 1659 nonne
