2367 3817
219 452 284 502 Cn.
298 452 338 501 18.
424 452 473 501 DE
491 452 649 501 NATURA
666 450 835 501 DEORUM.
1007 454 1038 502 sl

218 565 285 624 dam
298 565 464 643 opinionem,
480 564 597 642 inquirit
606 564 719 624 animus
727 574 755 623 et
765 564 894 633 sunnam,
905 575 933 624 et
945 563 1043 636 vitam,

218 656 246 703 et
260 646 397 705 actionem
411 646 523 714 mentis,
538 653 622 723 atque
636 644 815 724 agitationem
829 646 859 704 in
874 645 934 704 deo.

257 726 379 786 XVIII.
401 728 445 786 Ac
458 726 492 785 de
505 726 594 785 forma
617 725 731 803 quidem
750 725 853 805 purtim
873 734 975 785 natura
994 747 1044 787 nos

216 806 357 877 admonet,
371 808 475 885 partim
489 807 559 866 ratio
573 805 661 865 docet.
705 803 784 864 Nam
798 826 815 864 a
833 816 936 866 natura
959 806 1045 867 habe·

217 908 282 947 mus
295 908 392 947 omnes
404 887 531 946 omniurn
546 887 672 964 gentium
686 886 804 965 speciem
816 887 925 946 nullam
949 888 1043 957 aliam,

217 969 272 1027 nisi
286 969 451 1037 humanam,
466 968 590 1026 deorum.
631 966 710 1034 Quae
723 965 799 1024 enim
816 966 872 1025 alia
891 968 981 1026 forma
1000 988 1046 1027 oc.

218 1050 305 1107 currit
319 1068 444 1124 unquam
458 1058 508 1106 aut
519 1048 647 1125 vigilanti
658 1047 799 1124 cuiquam,
811 1057 862 1106 aut
873 1047 1043 1108 dormienti?

218 1128 284 1198 Sed,
299 1149 335 1188 ne
349 1129 443 1188 omnia
456 1138 620 1187 revocentur
629 1128 673 1187 ead
692 1128 796 1206 primas
816 1127 951 1199 notiones,
974 1129 1045 1188 ratio

217 1210 269 1268 hoc
283 1209 358 1268 idem
371 1209 432 1287 ipsa
444 1210 572 1269 declarat.
609 1209 688 1268 Nam
702 1229 767 1268 cum
778 1208 1045 1288 praestantissimam

216 1300 357 1360 naturam,
379 1291 424 1349 vel
444 1291 510 1369 quia
530 1292 611 1349 beata
632 1298 683 1358 est,
707 1289 752 1348 vel
776 1289 842 1366 quia
866 1290 1043 1370 sempiterna,

217 1371 362 1430 convenire
376 1371 505 1431 videatur
516 1371 634 1430 eandam
648 1391 705 1429 esse
715 1370 952 1450 pulcherrimam
975 1391 1045 1448 quse

218 1451 377 1530 compositio
390 1454 589 1521 membrorum,
615 1471 686 1529 quae
699 1450 878 1510 conformatio
890 1451 1044 1512 lincamen-

218 1542 320 1604 torum,
336 1553 407 1609 quae
420 1532 518 1610 figura,
534 1552 605 1609 quae
619 1532 730 1609 species,
744 1531 870 1590 humana
882 1540 973 1609 potest
987 1551 1044 1590 esse

203 1613 375 1690 pulchrior?
420 1614 480 1671 Vos
493 1613 617 1690 quidem,
634 1609 734 1681 Lucili,
748 1610 849 1678 soletis,
866 1610 947 1684 (nam
962 1612 1045 1671 Cotta

217 1712 298 1751 meus
311 1693 393 1752 modo
406 1694 468 1763 hoc,
482 1693 563 1751 modo
571 1690 656 1767 illud)
667 1711 732 1750 cum
742 1690 891 1751 artificium
903 1692 1044 1771 effingitis,

218 1772 405 1851 fabricamque
418 1773 554 1843 divinam,
568 1792 655 1851 quam
676 1772 733 1831 sint
753 1772 847 1832 omnia
870 1772 901 1831 in
921 1772 1043 1832 hominis

218 1853 374 1932 figuranon
388 1854 520 1914 modoad
533 1874 626 1925 usum,
643 1851 841 1913 verumetiam
861 1854 898 1933 ad
912 1863 1044 1914 venusta·

216 1944 275 2005 tem
289 1945 363 2014 apta,
379 1936 537 1994 describere.
578 1933 660 2003 Quod
674 1935 697 1992 ei
711 1935 838 1994 omnium
854 1934 1043 2016 animantium

216 2015 334 2084 sormam
348 2016 437 2076 vincit
449 2015 569 2075 hominis
591 2015 689 2093 figura,
711 2014 779 2073 deus
799 2015 901 2073 autem'
915 2016 1044 2076 animans

215 2105 277 2159 est:
298 2114 332 2156 ea
344 2097 433 2174 figura
446 2096 563 2174 profecto
577 2105 628 2164 est,
644 2116 715 2173 quae
728 2095 915 2171 pulcherrima
927 2094 965 2154 sit
982 2115 1044 2155 om-

216 2177 307 2236 nium.
347 2177 542 2255 Quoniamque
561 2178 626 2235 deos
648 2175 821 2236 beatissimos
845 2173 903 2235 es'se
926 2185 1043 2244 constat,

216 2258 314 2317 beatus
326 2267 423 2319 autem
434 2278 494 2322 ,esse
508 2258 566 2317 sine
580 2258 686 2315 virtute
699 2276 781 2315 nemo
803 2266 902 2335 potest,
922 2276 974 2316 nec
988 2256 1044 2315 vir·

216 2347 263 2395 tus
276 2339 335 2397 sine
355 2338 461 2398 ratione
481 2347 612 2406 constare,
634 2357 685 2394 uec
706 2337 775 2395 ratio
800 2355 925 2416 usquaup
945 2335 1043 2406 inesse,

217 2417 272 2475 nisi
285 2418 315 2475 iu
328 2418 450 2476 hominis
463 2419 572 2495 figura3
592 2417 715 2496 hominis
728 2437 785 2476 esse
799 2417 888 2495 specie
901 2417 965 2476 deos
978 2438 1044 2477 con-

217 2496 356 2556 fitendum
369 2505 420 2557 est.
714 2569 717 2576 Ι
883 2530 886 2536 ·
930 2532 933 2538 ·
1035 2555 1040 2560 .

259 2578 290 2636 N
291 2598 322 2637 ec
336 2588 431 2637 tamen
444 2596 477 2635 ea
489 2577 591 2655 species
605 2597 702 2656 corpus
716 2585 767 2646 est,
778 2575 826 2637 sed
835 2576 1041 2657 quasi-corpus:

216 2678 267 2718 nec
280 2659 365 2719 habet
378 2659 553 2737 sauguinem,
575 2658 624 2717 sed
644 2657 724 2737 quasi
747 2658 922 2737 sanguinem.
964 2659 1041 2720 Haec

217 2760 379 2817 quanquam
392 2749 422 2799 et
435 2742 552 2799 inventa
565 2750 631 2799 sunt
644 2740 763 2811 acutius,
787 2749 815 2799 et
826 2740 900 2801 dicta
913 2742 1043 2801 subtilius

216 2823 253 2892 ab
268 2822 396 2898 Epicuro,
410 2842 497 2899 quam
510 2832 544 2880 ut
557 2822 650 2900 quivis
663 2842 697 2881 ea
708 2821 793 2900 possit
813 2841 956 2900 agnoscere
969 2845 976 2879 ε
998 2833 1043 2880 ta-

217 2921 292 2970 men,
307 2902 393 2960 fretus
403 2902 588 2981 intelligentia
600 2912 699 2971 vestra,
711 2899 812 2963 dissero
822 2903 943 2970 brevius,
955 2921 1041 2979 quam

214 3002 299 3041 vcstuou
315 2982 460 3043 desiderat.
504 2984 640 3063 Epicurus
659 2993 765 3053 autem,
790 2983 840 3060 qui
864 3003 906 3042 res
927 2981 1046 3041 occultas

216 3075 246 3122 ct
259 3064 370 3141 penitus
383 3063 492 3124 abditas
504 3085 560 3123 nou
575 3064 656 3123 modo
669 3063 770 3123 viderit
781 3064 884 3130 animo,
899 3061 1045 3120 sedetiam

216 3144 255 3204 sic
268 3153 377 3213 tractet,
392 3153 425 3203 ut
439 3164 536 3214 manu,
550 3145 632 3205 docet
644 3164 711 3204 eam
722 3164 785 3203 esse
796 3143 909 3201 uxum
923 3144 1073 3197 numm

215 3224 337 3294 deorum,
353 3236 385 3285 ut
399 3226 528 3305 primum
542 3248 604 3288 nou
618 3248 721 3296 sensu,
734 3224 792 3284 sed
804 3224 914 3278 ments
933 3207 1079 3310 ceruum}

200 3322 254 3362 uec
265 3305 412 3383 soliditate
425 3311 572 3391 quadum,
587 3331 647 3373 nec
661 3309 703 3370 sd
714 3292 961 3369 mmmmm
972 3294 1027 3338 Q*
1044 3283 1079 3339 Χ
