2367 3817
655 265 726 299 οοιιο
746 260 888 317 nigustroo
906 259 924 298 a

295 275 473 378 dedicaturirw
485 270 596 386 Quid
602 319 694 396 Opis?
716 320 785 397 quid
806 320 928 379 Salutisi

295 399 422 458 cordiae?
460 399 633 459 Libertatis?
665 399 828 460 Victoriae?
850 420 929 477 quan

294 499 388 539 rerum
401 480 469 559 quia
482 481 597 539 viserat
611 489 700 550 tanta,
714 490 748 539 ut
761 481 821 539 sine
830 481 881 539 deo
889 501 930 559 req

295 561 354 637 ipsa
374 581 417 621 res
437 562 552 621 deorum
575 580 678 620 nornen
698 560 829 621 obtinuit.
871 560 931 629 Qun

295 642 450 720 Cupidinis,
464 654 493 702 et
509 642 678 720 Voluptatis,
700 652 728 700 et
750 642 924 701 Lubentinae

294 724 392 784 sabula
405 734 560 783 oonsaornta
573 734 649 789 sunt,
664 722 827 782 vitiosarum
841 741 932 781 rerum

293 804 437 873 turalium‚
450 823 620 898 quanquam
641 802 766 862 Velleius
789 803 871 863 aliter
889 804 933 862 oxi

293 894 388 943 tamen
403 905 436 944 aa
449 886 509 962 ipsa
522 885 593 943 vitia
605 893 735 943 naturam
750 883 934 943 vehmrentiur

293 974 364 1022 sant
408 961 597 1024 Utilitatum
588 964 676 1042 igitur
688 964 881 1041 magnitudino
894 984 934 1025 oor

293 1045 324 1101 ir
306 1044 377 1114 dii,
392 1065 441 1122 qur
432 1044 631 1121 utilitatesq
612 1062 735 1121 quasque
755 1045 914 1124 gignebant.

292 1125 407 1201 qnidam
420 1124 589 1194 nominibus,
603 1143 676 1201 quaa
687 1125 771 1202 paulo
783 1135 849 1184 anta
862 1125 936 1186 dieta

292 1226 364 1282 quse
378 1208 420 1267 vis
434 1207 480 1275 sit,
493 1206 524 1265 in
538 1225 648 1283 quoque
662 1204 817 1265 declaratur
830 1205 890 1265 neo

332 1289 447 1347 XXIV.
468 1287 596 1364 Susoepit
608 1296 705 1345 autam
720 1287 779 1346 vita
791 1286 938 1346 bominum

291 1371 382 1446 doque
404 1366 570 1436 communis,
596 1376 628 1425 ut
652 1366 791 1426 benefieiis
810 1367 939 1426 excellant

288 1451 398 1511 ‘ooalunr
411 1450 487 1508 furna
499 1468 532 1507 aa
546 1447 690 1507 voluntate
703 1448 839 1507 tollerent.
881 1448 939 1507 Hin

289 1532 357 1591 hine
369 1530 467 1591 Castor
479 1540 508 1589 ot
523 1528 633 1598 Pollux,
651 1528 718 1587 hinc
739 1527 926 1607 AEsoulapius,

290 1614 395 1673 etiarn:
416 1613 493 1673 bunt
505 1610 566 1669 (lino
578 1610 710 1668 Liberum
722 1608 830 1668 Semele
843 1620 941 1668 natum

290 1714 374 1771 quam
387 1692 474 1753 nostri
487 1693 605 1774 majores
618 1699 734 1767 augurata
749 1698 895 1766 sancteque
906 1690 940 1748 Li

289 1776 387 1864 Curare
400 1785 429 1834 et
443 1752 543 1861 Libeia
556 1779 799 1829 consecraverunt·
821 1770 895 1846 quod
908 1791 943 1842 qu
