2367 3817
171 493 235 541 Gora
249 492 289 553 ei,
301 494 343 541 32.
388 491 439 541 DE
455 489 609 542 NATURA
626 484 794 541 Duorum
970 491 1001 541 tc

171 604 208 665 eit
221 605 374 681 eademque
387 604 452 663 lex:
473 624 545 681 quoe
558 614 606 663 cet'
614 604 681 663 renti
696 602 850 683 praeceptio
865 603 1000 681 pravique

170 686 301 765 depulsio.
345 687 389 743 Ex
411 703 468 763 quo
490 684 666 763 intelligitur,
690 685 869 763 prudentiam
891 704 1001 763 quoque

170 774 337 825 et'meu'tem
351 786 369 824 e
382 766 436 825 diie
444 765 486 824 'cd
499 766 627 827 nominee
640 766 823 845 ponentem·
835 766 1001 842 circumque

170 862 282 905 cautem
291 848 430 924 majorum
441 846 578 907 institutis
589 865 679 915 mene,
689 847 767 915 fides,
779 846 878 915 virtus,
890 864 999 904 concor.

170 927 226 995 die,
241 937 413 986 consecratae
426 937 455 985 et
468 927 577 1005 publice
590 926 732 991 dedicatae
745 936 820 985 eunt.
861 926 941 994 Quae
950 927 1001 1003 qui

171 1008 301 1067 convenit
314 1028 397 1085 penes
411 1008 475 1066 deos
489 1028 546 1064 esee
559 1027 669 1084 negare,
695 1027 758 1066 cum
773 1026 869 1065 eorum
882 1018 1002 1083 engucia

170 1095 200 1147 e't
218 1096 314 1146 concta
334 1088 481 1146 simulacre
501 1090 688 1146 veneremini
729 1086 810 1155 Quod
830 1088 853 1145 ei
874 1087 946 1145 inest
971 1086 1001 1145 in

170 1168 318 1228 hominurn
334 1187 432 1245 genere
444 1187 524 1229 mene
538 1166 616 1239 fides,
631 1169 731 1240 virtue,
745 1168 904 1228 concordie:
927 1166 1001 1226 unde

171 1251 239 1308 heco
263 1249 293 1307 in
319 1258 413 1319 terroe,
436 1249 491 1307 nisi
510 1269 528 1307 e
548 1249 663 1327 ruperis,
684 1251 804 1310 defluere
826 1248 1001 1329 potuerunt?

173 1330 301 1407 Cumque
310 1330 366 1389 nint
377 1330 407 1388 in
417 1330 496 1389 nobie
506 1331 662 1402 concilium,
678 1332 759 1401 ratio,
770 1330 935 1409 prudentie;
950 1347 1002 1387 nea

173 1430 244 1471 ceeee
256 1421 308 1480 est,
328 1411 393 1469 deos
406 1411 474 1470 haec
487 1411 548 1490 ipen
567 1411 669 1470 hebere
688 1413 804 1489 majore,
828 1429 880 1467 nec
902 1410 1002 1467 habere

172 1492 272 1559 colum,
288 1491 335 1548 sed
348 1492 435 1550 etiem
448 1491 493 1549 hie
506 1491 549 1549 uti
564 1491 594 1547 in
605 1491 738 1549 maximis
747 1499 776 1547 et
786 1489 900 1567 optimis
911 1490 1002 1550 roboc

175 1572 258 1629 Nihil
272 1581 369 1629 cutem
383 1581 489 1629 estnec
503 1572 605 1649 majus,
625 1589 677 1628 neo
690 1570 791 1627 melius
804 1569 929 1627 mundo:
953 1587 1002 1627 nce

174 1662 247 1709 ces'se
268 1661 308 1709 eet
330 1668 401 1728 ergo,
423 1669 489 1709 enm
509 1650 627 1711 deorum
647 1650 761 1711 oonsilio
781 1659 810 1708 ct
830 1648 1003 1728 providentie

174 1730 372 1790 administrari.

216 1813 357 1871 Postremo
382 1819 447 1869 c'um
471 1812 537 1872 retis
561 1810 744 1882 docuerimus,
769 1811 819 1870 hoe
843 1829 900 1869 eece
927 1809 1000 1881 dece,

174 1911 293 1969 quorum
307 1891 444 1971 insignem
459 1893 518 1951 vim
532 1902 561 1951 et
574 1892 711 1952 illustrem
725 1893 823 1953 faciem
834 1891 1001 1960 videremus,

175 1974 260 2032 eciem
274 1974 343 2043 dico,
364 1983 392 2031 et
406 1974 513 2045 lunam,
536 1983 564 2032 et
580 1993 663 2052 vegas
676 1974 777 2043 stellae,
798 1982 827 2032 et
840 1974 1002 2041 inerrantes,

174 2063 202 2113 et
216 2055 333 2137 coelum,
360 2066 389 2113 et
403 2055 541 2114 mundum
555 2055 658 2133 ipsum,
673 2064 701 2113 et
715 2073 812 2115 eorum
825 2071 919 2111 rerum
932 2054 1002 2123 vim,

175 2156 246 2213 quoe
259 2135 380 2194 inescent
393 2136 423 2193 in
434 2136 509 2193 omni
520 2135 627 2194 mundo
639 2153 702 2193 cum
714 2151 814 2213 magno
824 2153 877 2192 usu
888 2142 917 2191 et
928 2152 1002 2191 com·

174 2217 310 2275 moditate
320 2217 425 2293 generis
436 2216 569 2276 humanit
591 2216 721 2285 efficitur,
736 2215 830 2275 omnia
840 2215 896 2293 regi
906 2213 1003 2272 divine

174 2308 269 2355 mente
283 2308 367 2374 etque
380 2296 563 2374 providentia.
599 2302 642 2355 Ac
656 2297 690 2356 de
700 2298 791 2376 pn'ma
801 2296 913 2373 quidem
924 2306 1005 2373 porte

175 2379 242 2437 eatis
257 2378 363 2434 dictum
378 2386 429 2434 eet.
848 2416 849 2419 =

217 2457 350 2515 XXXII.
372 2456 514 2531 Sequitur,
529 2464 562 2513 ut
572 2456 694 2525 doceam,
710 2457 804 2514 omnia
814 2457 1003 2534 subjectumne
1032 2475 1035 2482 ’

174 2548 301 2605 naturae,
317 2555 403 2614 eoque
416 2538 452 2593 eb
465 2554 497 2593 ea
510 2536 694 2615 pulchenr'me
707 2537 772 2614 regi.
813 2537 869 2595 Sed
886 2536 954 2613 quid
967 2538 1003 2598 eit

175 2621 236 2697 ipse
249 2626 350 2677 natum
364 2616 560 2694 explicandum
574 2626 616 2675 eet
629 2626 695 2675 ente
708 2618 837 2689 breviter,
861 2639 916 2697 quo
936 2619 1002 2681 ieci·

175 2701 231 2758 lius
245 2699 284 2768 id,
300 2697 373 2776 quod
383 2698 479 2757 docere
489 2698 628 2766 volumus,
643 2698 761 2777 intelligi
771 2702 865 2779 possit.
909 2702 1001 2763 Nem-

176 2800 230 2857 que
244 2780 291 2838 elii
306 2789 435 2839 naturum
449 2787 562 2837 censent
575 2798 633 2837 esee
647 2780 705 2839 vim
721 2783 861 2859 quendem
878 2784 937 2844 sine
957 2807 1002 2846 re.

176 2863 252 2919 tione
266 2860 384 2918 cientem
398 2869 492 2919 motus
512 2860 542 2917 in
564 2862 720 2939 corporibus
743 2865 925 2925 necessarios:
954 2872 1001 2928 nlii

140 2967 143 2976 ¹
176 2950 281 3009 autern,
305 2941 363 2998 vim
377 2942 540 3020 participem
553 2942 677 3011 rationis,
698 2953 783 3021 atquc
804 2946 914 3015 ordinis,
938 2958 1001 3007 tcn-

177 3041 261 3098 quem
272 3021 320 3079 via
333 3022 551 3100 progredientem
566 3022 818 3102 decimantemque,
831 3028 898 3103 quid
909 3031 952 3106 cuj
957 3049 1001 3086 ne-

177 3102 282 3179 querci
298 3122 380 3161 cause
393 3103 504 3172 efficiat,
519 3103 587 3181 quid
602 3114 733 3180 sequetur
740 3127 751 3173 3
773 3108 852 3185 cujus
862 3108 1003 3165 solertiam
1059 3148 1063 3152 -

176 3183 255 3241 ncilla
268 3203 321 3252 ere,
342 3183 420 3241 nulle
432 3204 543 3255 monne,
564 3203 648 3250 nemo
658 3186 759 3265 opiieu
774 3186 913 3258 eoeneum
926 3186 1023 3265 noctu

170 3264 316 3321 imitando,
355 3264 484 3325 ‘Seminis
499 3268 587 3327 enim
608 3268 677 3328 uim·
697 3286 761 3327 ecee
778 3263 918 3323 tuntum,
936 3267 983 3320 xm
999 3254 1052 3334 ³3¹2

161 3359 324 3419 quenquam
339 3345 381 3406 eit
391 3349 607 3433 perexiguum,
621 3359 731 3414 tumen
745 3347 777 3407 ei
785 3325 1070 3403 ineideiit'mffi³
