2367 3817
172 480 220 528 13⁰
371 478 420 527 Du
440 478 597 528 NATURA
616 476 784 529 DEORUM.
830 509 831 514 =
866 478 929 528 larus
944 478 1003 530 111.

172 593 243 657 nihil
257 590 292 653 de
305 590 359 651 diis
373 593 509 671 explicare
523 592 706 652 convinceret.
747 594 847 669 Itaque
871 592 1001 671 inseque-

172 674 263 733 batur.
304 673 381 741 Quid
393 673 493 731 enim?
515 674 617 742 aiebat,
639 675 662 732 si
677 674 697 732 ii
711 673 807 732 fiatres
821 682 887 732 sunt
901 674 931 732 in
945 694 1001 733 nu-

172 754 387 823 mero'deor'um,
411 774 482 813 num
498 753 533 812 de
546 764 625 832 patre
648 774 744 813 eorum
766 754 886 813 Saturno
905 754 1000 833 negari

173 838 287 913 potest?
310 855 394 912 quem
408 835 491 912 uulgo
505 835 629 893 maxime
642 834 678 893 ad
693 835 872 893 Occidentem
887 835 999 894 coluntr

173 915 222 993 qui
242 915 266 973 si
286 924 328 975 est
346 915 424 984 deus,
444 925 552 993 petrem
574 936 683 993 quoque
704 916 772 993 ejus,
795 915 921 986 Ocelum,
943 936 1001 975 esse

173 996 259 1056 deum
272 996 460 1056 confitendum
474 1006 524 1055 est.
559 996 673 1065 Quodsi
687 997 727 1055 ita
738 1007 789 1065 est,
804 996 879 1055 Coeli
891 1017 1002 1075 quoque

174 1086 301 1153 parentes
313 1076 353 1135 dii
367 1076 487 1154 habendi
502 1087 577 1148 sunt,
594 1080 702 1137 Aether
714 1087 742 1138 et
757 1078 833 1146 Dies,
849 1097 1001 1156 eorumque

166 1156 269 1217 fratres
282 1169 311 1216 et
324 1177 435 1224 sorores,
457 1159 506 1234 qui
520 1179 538 1216 a
552 1159 705 1236 genealogis
718 1159 841 1235 antiquis
855 1158 893 1216 sic
907 1159 1000 1217 nomi.

172 1247 285 1306 uantur,
297 1239 396 1306 Amor,
409 1238 505 1306 Dolus,
522 1240 626 1309 Metus,
643 1239 745 1307 Labor,
758 1238 1001 1307 InvidentiaFa-

173 1328 246 1389 tum,
269 1319 412 1386 Senectus,
436 1320 521 1390 Mors,
548 1320 699 1388 Tenebrae,
726 1318 847 1386 Miseria,
871 1317 998 1387 Querela,

175 1400 282 1469 Gratia,
299 1400 398 1467 Fraus,
414 1400 576 1469 Pertinacia,
592 1401 701 1470 Parcae,
727 1397 900 1477 Hesperides,
916 1398 1000 1456 Som-

173 1481 239 1540 nia:
261 1500 331 1557 quos
345 1500 440 1539 omnes
455 1482 543 1539 Erebo
557 1491 586 1540 et
602 1481 693 1540 Necte
701 1490 780 1540 natos
794 1482 895 1539 ferunt.
938 1480 1000 1538 Aut

172 1561 259 1641 igitur
271 1562 340 1620 haec
360 1570 484 1620 monstra
503 1562 644 1641 probanda
666 1571 742 1632 eunt,
766 1570 817 1621 aut
837 1561 928 1640 prima
952 1561 1001 1619 illa

172 1642 304 1705 tollenda
474 1680 476 1685 ·

195 1723 334 1784 QXVlll
355 1722 452 1790 Quid?
476 1724 502 1782 A
505 1724 646 1803 pollinem,
669 1722 840 1792 Vulcanum,
865 1722 1001 1780 Mercuri.

174 1824 235 1873 um,
244 1813 372 1871 caeteros,
384 1804 448 1865 deos
458 1826 516 1863 esse
526 1806 616 1863 dices
639 1798 673 1863 da
685 1805 814 1871 Hercule,
825 1803 1000 1881 Aesculapio,

174 1883 282 1952 Libero,
304 1885 427 1954 Castore,
449 1886 559 1943 Polluce
577 1885 741 1943 dubitabis?
786 1886 827 1941 At
841 1884 870 1940 hi
886 1883 1000 1959 quidem

174 1965 304 2024 coluntur
313 1984 400 2041 aeque
409 1975 498 2041 atque
496 1965 562 2033 illi3
583 1964 658 2041 apud
669 1964 801 2039 quosdam
812 1963 898 2021 etiarn
910 1964 1001 2022 multo

175 2045 274 2122 magis.
316 2046 388 2123 Ergo
409 2046 439 2103 hi
461 2046 500 2104 dii
521 2054 586 2104 sunt
607 2044 736 2113 habendi,
758 2044 922 2103 mortalibus
940 2045 1000 2126 nati

175 2126 335 2191 matribus?
372 2124 468 2191 Quid?
505 2125 659 2192 Aristaeus,
675 2144 724 2200 qur
716 2124 826 2182 'olivae
840 2124 962 2181 dicitur
955 2119 1001 2181 m-

175 2214 282 2275 ventor,
299 2205 437 2282 Apollinis
451 2205 543 2263 filius·
567 2205 700 2269 Theseus,
722 2204 770 2279 qui
787 2204 933 2280 Neptuni:
954 2221 1000 2259 re.

175 2285 255 2362 liqui,
267 2299 388 2362 quorum
401 2294 491 2361 patres
502 2284 552 2353 dii,
566 2303 622 2343 non
637 2292 718 2341 erunt
732 2285 762 2341 in
777 2283 999 2341 deorumnume-

175 2366 228 2424 ro?
270 2364 356 2459 Quid,
381 2385 500 2441 quorum
514 2366 642 2423 matres?
685 2364 790 2442 Opinor
803 2384 818 2421 e
819 2364 889 2423 tiam
903 2364 999 2441 magis.

176 2446 220 2503 Ut
234 2446 309 2505 enim
322 2444 353 2512 in
363 2446 427 2523 jure
438 2446 523 2515 civili,
539 2446 586 2522 qui
597 2454 639 2504 est
651 2446 847 2514 mat1elibera,
861 2445 1000 2503 liberast.

175 2526 245 2592 item
254 2526 319 2604 jure
331 2536 458 2589 naturae.
472 2548 520 2603 qur
512 2528 587 2585 dea
597 2536 686 2585 nratre
700 2536 751 2596 est,
766 2527 833 2584 deus
847 2525 883 2583 sit
893 2543 1001 2583 necesse

175 2616 225 2665 est.
264 2608 367 2682 ltaque
382 2608 523 2665 Achillem
538 2608 736 2685 Astypalenses
750 2606 870 2666 insulani
885 2604 1002 2663 sanctis-

176 2686 245 2744 sime
259 2687 362 2745 colunt.
403 2686 459 2753 Qui
474 2688 496 2745 si
510 2687 644 2756 deusest,
668 2696 696 2745 et
717 2687 853 2764 Orpheus,
875 2694 902 2743 et
924 2686 1001 2742 Rhe-

175 2785 231 2835 eus,
245 2766 286 2824 dii
300 2776 376 2835 sunt,
392 2767 476 2825 Musa
487 2776 578 2824 matre
590 2767 671 2835 nati3
693 2768 747 2826 nisi
761 2768 830 2825 forte
842 2765 1002 2824 maritimae

175 2846 289 2923 nuptiae
305 2846 419 2906 terrenis
432 2855 649 2925 anteponuntur.
691 2849 721 2906 Si
743 2848 773 2905 hi
794 2847 834 2905 dii
853 2867 909 2906 non
924 2856 1000 2913 sunt,

174 2928 243 3005 quis
256 2947 395 3003 nusquam
409 2928 554 2987 coluntur:
577 2949 632 3005 quo
646 2929 728 2987 modo
741 2929 782 2986 illi
796 2930 883 2986 sunt?
928 2927 1002 2986 Vide

176 3008 270 3085 igitur,
285 3027 321 3065 ne
331 3009 485 3068 annulus
495 3008 644 3067 hominum
655 3010 701 3067 isti
712 3010 826 3068 honores
837 3010 1001 3075 habeantur,

176 3109 236 3226 norpl
246 3089 523 3150 immortalitatibus:
545 3090 621 3167 quod
634 3100 667 3148 tu
682 3110 800 3168 quoque,
816 3090 910 3158 Balbe,
926 3090 1002 3147 visus

176 3190 205 3226 es
238 3188 316 3227 rcere.
992 3210 995 3215 ·

216 3248 375 3318 Quomodo
387 3258 483 3310 autem
498 3259 593 3329 potes,
607 3250 629 3308 si
657 3252 793 3309 Latonam
808 3251 889 3309 deam
908 3259 1000 3328 putas,

165 3329 298 3387 Hecaten
312 3349 370 3390 non
383 3340 494 3411 putare,
516 3350 587 3409 quae
607 3340 698 3389 matre
718 3332 828 3396 Asterie
841 3340 901 3402 est,
915 3352 1002 3391 sorore
