2367 3817
170 426 341 486 cusu-1⁵.
395 425 445 487 nu
462 424 614 493 nurum
632 421 801 474 urorum
967 420 996 475 rr

171 537 231 593 vim
243 535 366 595 obtinere
379 546 454 595 recta
467 537 660 615 imperantem,
674 535 921 613 prohibentemque
931 554 995 591 con·

169 616 263 681 traria.
303 616 397 683 Quam
417 618 506 695 legem
527 617 668 693 quomodo.
685 616 787 675 efficiat
810 614 994 683 animantem,

169 696 322 775 intelligere
334 717 390 756 non
404 717 558 776 possumus.
601 696 693 755 Deum
708 705 803 755 autem
822 694 995 754 animantem

169 786 242 836 certo
255 777 386 838 volumus
399 797 466 837 esse.
508 776 606 856 Atque
619 776 664 837 hic
678 776 753 836 idem
767 777 820 835 alio
831 776 888 835 loeo
899 777 995 834 aethe·

168 876 200 917 ra
212 857 298 917 deum
312 859 399 917 dicit:
421 858 444 917 si
458 858 576 937 intelligi
589 854 764 937 potest'nihil
779 857 898 915 sentiens
915 855 992 925 deus,

168 938 219 1015 qui
231 958 379 1015 nunquam
392 940 471 998 nobis
484 940 602 998 occurrit
614 957 705 1015 neque
715 937 745 995 in
755 936 890 1015 precibus,
904 956 994 1013 nequo

168 1018 199 1077 iu
213 1019 325 1095 optatis,
346 1038 436 1096 neque
450 1019 479 1077 in
494 1019 575 1077 votis.
618 1019 691 1077 Aliis
705 1028 800 1076 autem
813 1017 890 1075 libris
911 1019 994 1075 ratio·

168 1116 234 1156 nem
248 1098 399 1176 quandam,
414 1120 462 1178 per
472 1100 598 1157 omnium
608 1109 739 1158 naturam
749 1118 842 1157 rerum
851 1097 993 1175 pertinen-

168 1189 238 1249 tem,
261 1187 295 1238 ut
308 1179 432 1239 divinam
448 1181 654 1263 essenaffeetam
677 1188 769 1258 putat.
812 1178 893 1238 Idem
914 1178 994 1237 astris

167 1259 219 1326 hoo
232 1259 305 1319 idem
321 1261 430 1331 tribuit,
446 1270 509 1321 tum
524 1261 614 1328 aunis,
629 1261 779 1328 mensibus,
800 1278 992 1336 annorumque

167 1340 379 1400 mutationibus.
422 1343 495 1401 Cum
517 1363 580 1401 vero
600 1341 716 1403 Hesiodi
738 1340 926 1418 Theogoniam
947 1341 993 1397 in.

167 1429 343 1499 terpretatur,
364 1422 438 1481 tollit
451 1422 564 1482 omnino
578 1421 675 1481 insitas
695 1430 907 1499 praeceptasque
930 1439 994 1497 eog-

166 1501 286 1561 nitiones
298 1502 421 1561 deorum.
465 1504 567 1581 Neque
581 1502 657 1561 enim
671 1503 690 1560 J
692 1521 783 1569 ovem,
797 1520 887 1576 neque
900 1500 919 1557 J
922 1520 991 1559 uno-

166 1601 242 1651 nem,
256 1602 346 1659 neque
360 1584 488 1651 Vestam,
503 1603 593 1659 neque
607 1601 768 1659 quenquam
781 1581 830 1656 qui
844 1582 884 1638 ita
898 1581 993 1659 appel-

166 1660 251 1731 latur,
271 1662 302 1719 in
315 1661 430 1721 deorum
443 1664 528 1722 habet
543 1683 669 1731 numero,
691 1662 738 1720 sed
759 1663 839 1720 rebus
860 1660 992 1719 inanimis

166 1750 251 1817 atque
264 1742 352 1801 mutis
364 1763 413 1821 per
426 1743 567 1820 quandam
581 1741 810 1820 signifieationem
825 1742 893 1801 haee
914 1742 992 1800 docet

166 1822 273 1881 tributa
282 1823 405 1883 nomina.
440 1823 529 1903 Cujus
542 1823 669 1902 discipuli
682 1822 820 1883 Aristonis
830 1843 884 1881 non
897 1822 991 1880 minus

165 1904 308 1982 magnoin
323 1923 410 1964 errore
432 1904 570 1964 sententia
590 1914 650 1964 est:
684 1905 733 1982 qui
757 1923 847 1981 neque
873 1902 990 1962 sormam

164 1982 208 2040 dei
222 1984 340 2063 intelligi
353 2004 429 2062 posse
443 1995 561 2055 censeat,
582 2006 673 2062 neque
686 1986 715 2043 in
728 1984 781 2043 diis
799 2004 911 2042 sensum
933 2004 990 2044 esse

164 2062 254 2122 dieat:
276 2065 440 2142 dubitetque
454 2067 577 2136 omnino,
595 2066 664 2125 deus
678 2066 815 2133 animans,
831 2084 916 2121 necne
930 2064 976 2122 sit.

205 2144 353 2203 Cleanthes
365 2156 471 2216 autem,
492 2148 541 2224 qui
555 2148 698 2205 Zenonem
717 2145 826 2204 audivit
848 2165 905 2202 una
925 2165 988 2203 oum

163 2244 204 2293 eo,
226 2245 310 2301 quem
329 2228 454 2305 proxime
475 2227 628 2297 nominavi,
651 2238 714 2285 tum
735 2226 828 2305 ipsum
848 2224 988 2284 mundum

163 2304 247 2364 deum
261 2306 330 2365 dieit
343 2326 413 2365 esse:
430 2317 494 2366 tum
505 2309 591 2367 totius
605 2319 720 2366 naturae
734 2305 823 2364 menti
832 2315 916 2382 atque
927 2307 989 2365 ani.

162 2404 209 2443 mo
222 2386 322 2444 tribuit
335 2387 386 2445 hoc
399 2407 518 2445 nomen:
540 2398 604 2446 tum
619 2388 753 2446 ultimum
768 2396 796 2445 et
809 2386 987 2457 altissimum,

163 2474 247 2540 atque
257 2465 379 2541 undique
388 2466 597 2535 circumfusum,
609 2476 637 2525 et
645 2477 812 2535 extremum,
825 2468 917 2525 omnia
929 2469 986 2526 ein-

162 2554 275 2620 geutem
288 2554 372 2621 atque
385 2545 562 2624 complexum
575 2548 710 2617 ardorem,
726 2548 775 2625 qui
788 2547 883 2605 aether
896 2549 987 2606 nomi·

161 2635 253 2696 netur,
276 2626 461 2685 certissimum
475 2626 560 2687 deum
575 2629 692 2709 judicat.
737 2627 882 2704 Idemque,
907 2629 987 2706 quasi

161 2705 290 2775 delirans,
304 2707 334 2764 in
348 2706 383 2766 iis
396 2708 482 2778 libris,
497 2730 565 2787 quos
579 2709 686 2788 scripsit
697 2717 791 2767 eontra
802 2709 984 2787 voluptatem,

162 2795 226 2845 tum
239 2787 320 2864 fingit
333 2788 451 2849 formam
462 2791 603 2868 quandam
615 2799 643 2849 et
654 2789 770 2869 speeiem
782 2788 906 2862 deorum,
922 2804 986 2851 tum

161 2866 341 2926 divinitatem
355 2890 467 2929 omnem
481 2871 580 2930 tribuit
593 2871 683 2940 astris,
705 2880 768 2929 tum
788 2870 859 2929 nihil
880 2872 985 2931 ratione

161 2957 252 3005 censet
277 2968 335 3007 esse
355 2950 486 3009 divinius.
538 2953 584 3010 lta
605 2952 647 3021 fit,
676 2961 709 3010 ut
730 2951 797 3010 deus
818 2951 873 3018 ille,
900 2970 985 3027 quem

161 3039 256 3087 mente
269 3031 417 3099 noscimus,
433 3040 517 3109 atque
529 3032 559 3090 in
573 3032 660 3091 animi
671 3031 792 3099 notione,
807 3042 944 3107 tanquam
956 3032 986 3088 in
1000 3041 1004 3114 t

163 3109 289 3187 vestigio,
311 3111 441 3171 volumus
455 3131 592 3189 reponere,
614 3130 755 3189 nusquam
771 3130 888 3185 pressu*
902 3125 1028 3177 tw·

160 3200 229 3247 reat.

194 3270 266 3329 XV.
288 3272 331 3331 At
354 3274 486 3348 Perseus,
517 3275 657 3357 eiusdem
674 3254 981 3393 hemeritazauh'x'sffi»
1002 3251 1047 3285 *Ν
