2367 3817
277 278 390 320 notione
400 280 488 318 ammi
498 270 725 338 proesentiomus,
739 266 863 338 primum
875 270 908 319 ut
918 263 935 319 si

278 339 378 398 deinde
392 349 424 398 ut
438 340 468 399 in
482 341 559 398 omni
578 350 681 400 nutura
699 342 770 399 nihil
791 362 822 400 eo
843 341 879 400 sit
899 361 936 418 pn

279 421 314 479 cd
334 421 406 479 hano
421 421 640 498 praesensionem
652 422 851 499 notionemque
871 432 936 481 nost:

279 502 359 562 video
373 499 447 580 quod
467 502 560 579 potius
577 503 792 570 accommodem,
821 522 905 579 quom
926 523 937 560 ι

279 584 354 642 huno
375 582 467 660 iprum
488 582 639 651 mundum,
667 603 721 660 quo
742 583 813 640 nihil
840 583 899 641 fieri
926 602 937 640 ε

280 673 380 741 potest,
395 664 566 724 animantem
581 683 639 721 esse
652 673 681 721 et
694 664 778 721 deum
784 663 918 755 judicem.

282 745 365 812 volet,
388 744 545 837 Epicurus
533 754 650 823 jocetur,
672 745 755 802 homo
768 763 823 803 non
839 743 938 821 aptissir

283 825 413 893 candum,
428 824 601 902 minimeque
617 826 763 903 respiciens
775 823 939 902 ριιιίιιιιιι

282 925 337 963 non
351 925 429 982 posse
442 905 604 981 intelligere,
627 905 716 982 qualis
730 905 766 963 sit
780 904 909 964 volubilis
922 926 937 963 c

282 986 370 1043 deus:
391 995 485 1043 tomen
500 1004 534 1042 ex
549 987 610 1053 hoc,
632 985 734 1062 quod
726 1005 785 1062 1pse
798 986 883 1044 etism
903 1005 940 1063 pu

282 1085 368 1142 quam
381 1084 428 1123 ms
442 1066 575 1124 movebit.
618 1067 709 1123 Placet
723 1063 798 1123 enim
817 1066 858 1124 illi
872 1085 930 1124 osso

283 1165 390 1205 necesse
409 1146 445 1206 sit
458 1156 644 1224 praestantem
666 1165 723 1204 esso
742 1147 865 1223 aliquam
886 1156 941 1205 not:

284 1227 355 1286 nihil
374 1228 410 1285 eit
423 1227 533 1286 melius.
576 1223 686 1286 Mundo
698 1238 793 1285 autom
814 1237 887 1286 certe
899 1228 941 1285 nil

284 1308 345 1366 lius
383 1308 450 1365 Nec
463 1307 591 1375 dubium,
611 1310 689 1384 quin,
704 1308 778 1384 quod
792 1308 942 1366 animonss

284 1407 338 1465 que
354 1407 476 1456 sonsum,
498 1399 527 1444 ct
540 1389 686 1456 restionem,
708 1399 736 1446 et
752 1399 886 1458 mentem,
908 1388 938 1446 id

285 1488 369 1545 quam
384 1468 423 1537 id,
438 1468 512 1545 quod
525 1469 569 1527 his
583 1479 682 1527 careat.
726 1469 771 1527 lta
781 1469 909 1539 efficitur,
923 1489 943 1527 a·

286 1570 390 1618 sensus,
417 1549 529 1618 mentis,
557 1550 672 1609 rationis
692 1550 832 1608 mundum
856 1568 944 1608 essee

286 1652 342 1707 quo
355 1632 470 1700 ratione,
493 1630 577 1689 deum
592 1650 651 1689 csse
665 1631 814 1699 mundum,
830 1630 943 1689 conclud

287 1713 353 1770 heoc
378 1712 459 1790 paulo
486 1724 548 1789 poet
568 1711 675 1769 facilius
702 1721 897 1788 cognoscentur
916 1731 945 1769 or

284 1792 359 1865 ipsis,
382 1812 450 1863 oues
463 1789 694 1849 mundusofficit.
