2367 3817
200 448 265 497 Cur.
279 448 337 495 2-3.
416 448 466 497 DE
485 447 637 498 NATURA
655 447 824 497 DEORUM·
1013 447 1029 494 5

199 558 340 617 mundum
352 558 539 618 administrari
551 558 646 637 etregi
657 569 801 617 censeant:
824 578 913 635 neque
925 557 1030 615 veroid

201 640 300 708 solum,
316 639 460 699 sedetiam
475 641 510 698 ab
524 639 623 698 iisdem
634 640 709 699 vitae
723 639 870 698 hominum
885 638 988 697 consuli
1000 648 1029 696 et

200 719 346 798 provideri.
389 721 419 778 N
421 740 469 779 am
482 729 510 779 et
521 720 621 798 fruges,
636 732 665 779 et
678 721 794 797 reliqua,
809 740 880 797 quae
891 728 964 777 terra
976 738 1026 796 pa·

200 800 264 869 riat,
280 810 308 859 et
320 809 508 879 tempestates,
522 822 554 860 ac
565 811 723 879 temporum
734 801 890 869 varietates,
907 799 1028 876 coelique

201 882 379 950 mutationes,
395 883 496 958 quibus
510 880 614 951 omnia,
636 902 706 958 quae
721 892 793 939 terra
806 881 911 957 gignat,
932 890 1026 939 matu-

202 971 263 1019 rata
275 963 436 1039 pubescant,
451 983 469 1021 a
483 961 536 1019 diis
550 961 754 1020 immortalibus
768 962 853 1019 tribui
868 961 959 1037 generi
973 960 1028 1018 hu·

202 1061 286 1099 mano
300 1050 421 1118 putant:
443 1042 599 1118 multaque,
614 1062 685 1119 quae
699 1042 826 1100 dicentur
839 1042 869 1099 iu
883 1041 927 1099 his
940 1040 1027 1109 libris,

203 1122 347 1199 colligunt,
368 1143 438 1200 quae
452 1123 520 1181 talia
534 1132 610 1191 sunt,
632 1133 664 1181 ut
678 1143 711 1181 ee
723 1123 783 1200 ipsa
797 1122 837 1181 dii
858 1113 1029 1179 immortales

202 1202 238 1260 ad
257 1222 339 1261 usum
354 1204 501 1263 hominum
515 1204 641 1264 fabricati
655 1223 741 1282 paene
756 1203 911 1262 videantur.
955 1202 1029 1262 Con.

203 1293 328 1360 t1aquos
342 1284 496 1343 Carneades
510 1285 551 1343 ita
570 1284 662 1343 muita
683 1284 820 1353 disseruit,
842 1292 875 1341 ut
897 1282 1031 1340 excitaret

203 1364 329 1421 homines
342 1384 397 1422 nou
412 1364 534 1424 socordes
554 1365 591 1423 ad
605 1365 663 1423 veri
688 1363 873 1443 investigandi
894 1362 1031 1441 cupidita-

203 1453 270 1501 tem.
303 1445 357 1502 Res
367 1445 442 1504 enim
453 1447 532 1505 nulla
542 1456 593 1513 est,
609 1445 643 1503 de
654 1466 710 1522 qua
721 1455 863 1524 tantopere
873 1464 928 1503 non
940 1443 1031 1501 solum

202 1524 315 1593 indocti,
337 1525 385 1583 sed
405 1526 491 1585 etiam
512 1526 585 1585 docti
607 1525 779 1584 dissentiant.
822 1524 947 1591 Quorum
969 1523 1028 1601 opi·

177 1605 180 1613 '
203 1605 298 1663 niones
311 1625 376 1663 eum
390 1617 450 1664 tam
462 1607 554 1665 variae
565 1607 630 1671 sint,
646 1615 761 1682 tamque
772 1606 845 1664 inter
855 1625 884 1662 se
894 1602 1031 1662 dissiden-

203 1695 266 1753 tes;
286 1685 407 1743 alterum
432 1686 491 1743 fieri
510 1686 630 1763 profecto
643 1695 743 1763 potest,
764 1694 797 1745 ut
818 1706 915 1744 earum
928 1683 1028 1752 nulla,·

202 1765 323 1822 alterum
338 1775 410 1824 certe
424 1786 480 1824 nou
494 1776 592 1843 potest,
609 1768 718 1845 utplus
733 1787 789 1825 una
802 1786 867 1825 vera
880 1766 926 1824 sit.

242 1845 300 1902 III.
323 1844 386 1913 Qua
399 1846 513 1923 quidem
534 1847 563 1905 in
584 1868 666 1907 causa
686 1860 714 1906 et
734 1848 879 1906 benevolos
900 1847 1027 1925 objurga·

203 1934 274 1986 tores
287 1927 403 2004 placare,
426 1939 454 1986 et
468 1928 576 1987 invidos
591 1928 790 2006 vituperatores
806 1927 946 1987 confutare
967 1946 1030 2003 pos·

203 2026 310 2074 sumus,
327 2016 359 2065 ut
373 2009 471 2067 alteros
485 2010 690 2086 reprehendisse
703 2009 852 2087 poeniteat,
866 2007 947 2067 elteri
958 2005 1033 2065 didi-

203 2086 271 2145 cisse
279 2107 307 2145 se
315 2088 463 2165 gaudeant.
500 2089 578 2147 Nam
588 2090 638 2166 qui
650 2088 801 2148 admonent.
809 2090 906 2156 amice,
917 2086 1034 2146 docendi

202 2177 287 2226 sunt:
309 2168 359 2245 qui
373 2168 485 2228 inimice
498 2170 680 2239 insectantur,
702 2169 859 2248 repellendi.
902 2169 1031 2242 Multum

202 2256 298 2306 autem
308 2250 421 2307 fluxisse
430 2249 535 2327 gaudeo
546 2250 580 2309 de
591 2251 668 2309 libris
679 2250 788 2320 nostris,
799 2271 869 2327 quos
880 2249 1033 2326 complures

202 2328 279 2386 brevi
290 2338 413 2408 tempore
421 2330 569 2399 edidimus,
579 2331 745 2407 variumque
754 2350 918 2399 sermonem,
928 2328 1032 2407 partim

203 2407 415 2477 admirantium,
436 2409 510 2468 unde
530 2412 581 2469 hoc
603 2412 813 2489 philosophandi
826 2411 916 2469 -uobis
938 2410 1030 2469 subito

204 2487 330 2545 studium
345 2489 500 2548 extitisset:
523 2491 636 2567 partim,
658 2491 726 2567 qnid
741 2512 850 2567 queque
872 2489 906 2547 de
920 2510 949 2548 re
963 2490 1031 2549 certi

203 2567 377 2638 haberemus,
403 2569 471 2628 seire
494 2570 677 2649 cupientium.
720 2572 821 2629 Multis
848 2571 933 2629 etiam
957 2571 1030 2628 sensi

203 2647 330 2707 mirabile
344 2649 441 2719 rideri,
457 2671 519 2710 eam
532 2651 611 2710 nobis
624 2650 802 2730 potissimum
815 2653 962 2731 probatum
973 2671 1029 2710 esse

167 2759 185 2786 ,τ
202 2728 416 2808 philosophiam,
436 2752 507 2808 quae
527 2732 618 2791 lucem
633 2727 758 2812 eriperet,
785 2742 813 2792 et
827 2734 905 2811 quasi
919 2741 1029 2793 noctem

203 2810 344 2885 quandam
358 2813 439 2869 rebus
454 2812 615 2882 offunderet,
638 2813 814 2890 desertaeque
827 2813 987 2891 disciplinae
1002 2822 1030 2871 et

198 2891 261 2967 jam
271 2890 379 2967 pridem
389 2892 500 2952 relictae
510 2894 695 2970 patrocinium
706 2894 918 2972 nec-opinatum
927 2914 944 2952 a
952 2891 1031 2952 nobis

203 2989 261 3027 esse
284 2981 452 3050 susceptum.
495 2974 557 3032 Nos
569 2983 677 3033 «autem
701 2994 751 3033 nee
776 2975 867 3034 subito
892 2974 1031 3050 coepimus

202 3049 406 3129 philosophari:
429 3073 479 3111 nec
493 3053 658 3113 mediocrem
669 3055 785 3132 aprime
798 3063 920 3130 tempore
930 3052 1029 3110 aetatis

202 3132 233 3188 iu
259 3150 290 3190 eo
311 3133 402 3191 studio
423 3153 535 3210 operam
555 3154 712 3213 curamque
731 3131 991 3205 consumpsimus·-
1012 3132 1062 3180 en,

202 3229 265 3267 eum
279 3212 398 3273 minime
412 3214 595 3289 videbamur,
613 3227 686 3278 tum
697 3214 837 3276 maxinme
846 3191 1079 3289 phihoesdfflff

181 3308 264 3366 W·
310 3293 395 3366 Quod
409 3308 439 3361 et
455 3300 607 3364 orationes
623 3300 800 3363 desistant,
817 3285 955 3346 essexae
970 3261 1079 3338 pom

116 3392 186 3482 a
219 3418 531 3488 ,'(..‘s:.···!i;,a.e.=s-c.e„
