2367 3817
286 264 383 317 copus,
404 266 493 297 ulmus
506 269 591 297 υυιυι
594 271 774 317 υιυιμυωιιυ
786 275 866 307 nov,

286 320 341 395 tis)
356 329 419 378 tum
439 321 634 383 tractabuntur
653 340 672 377 u
690 318 778 386 uobis,
800 338 865 376 cum
886 316 917 374 de

287 400 401 458 deorum
415 400 641 477 disputabimus:
663 398 698 458 de
710 420 768 475 quo
787 398 910 477 plusims

286 480 361 539 dictu
381 482 466 539 sunt·
495 479 647 557 eodemque
667 479 716 538 ina
736 481 823 542 etiem
845 478 916 536 diffec

289 562 479 652 Chrysippum
492 561 581 620 dicere
595 562 696 631 aiebas,
721 562 853 637 quonism
873 577 915 617 ess

287 663 381 702 rerum
395 647 505 711 netum,
519 642 594 720 quod
607 645 644 702 sb
655 642 769 702 homine
783 641 854 700 effici
867 660 915 699 noi

287 725 400 783 homine
420 725 526 802 aliquid
547 725 665 783 melius:
693 743 818 801 quaeque
838 723 869 780 in
889 719 914 778 ds

288 825 351 864 cum
365 806 573 883 pulchritudine
586 804 686 866 mundi
699 804 886 882 computabas,
906 822 914 860 s

286 887 386 945 mundi
407 886 630 945 convenientiam
650 904 870 961 consensumque
889 886 913 942 ai

289 967 424 1044 nonisque
438 970 534 1026 breves
548 977 577 1026 et
590 968 718 1026 scutulas
731 965 913 1026 conclusiones

289 1058 347 1106 tem
359 1049 500 1116 sermonis,
516 1067 602 1124 quem
611 1048 694 1107 modo
705 1047 774 1116 dixi,
785 1047 908 1106 differem

289 1148 343 1205 que
357 1138 479 1206 tempore
493 1128 542 1187 illo
554 1130 658 1198 omnio,
678 1145 750 1206 quae
762 1148 780 1187 a
793 1137 822 1187 te
834 1128 912 1206 physi

288 1210 323 1268 de
338 1210 365 1267 vi
380 1210 469 1287 igneo,
492 1209 581 1287 doque
602 1230 634 1269 eo
654 1210 742 1269 colore
754 1230 790 1268 ex
810 1229 866 1286 quo
880 1229 912 1267 on

288 1291 406 1359 dicebas,
427 1290 485 1350 loco
499 1312 548 1349 sno
568 1300 755 1369 quaerentur:
785 1290 911 1366 omuiaqc

286 1372 390 1431 nudius
403 1373 502 1431 tostius
523 1371 600 1431 dicto
622 1381 699 1439 sunt,
727 1392 792 1431 cum
812 1372 908 1430 docere

289 1473 356 1520 cese,
378 1473 463 1530 quere
476 1461 505 1511 et
518 1453 643 1513 mundus
657 1454 811 1521 universus,
833 1461 862 1511 et
876 1451 910 1512 soi

288 1535 382 1594 stellae
396 1553 509 1593 sensum
522 1554 554 1593 ec
567 1543 693 1594 mentem
707 1536 851 1601 haberent,
871 1534 902 1591 in

289 1618 441 1667 reservabo.
487 1618 507 1667 Α
526 1626 554 1669 ie.
567 1627 664 1671 autem
674 1615 748 1673 idem
759 1614 828 1672 Illud
838 1614 909 1672 etiem
