2367 3817
288 276 383 329 quaiee
394 273 449 310 emo
461 274 467 308 :
491 272 564 323 tum,
576 268 715 311 mundum
725 266 761 310 ab
771 265 815 309 ms
825 263 921 310 edmm

288 343 385 399 tremo,
406 332 545 391 consulere
565 352 611 391 eos
639 334 720 392 rebus
747 332 888 391 humanis.

288 413 338 470 hoc
349 432 482 479 sermone,
497 433 568 489 quae
581 412 672 491 priom
685 412 740 471 duo
754 423 829 482 eunt,
846 431 922 471 sume

288 512 347 562 um,
363 503 391 551 et
405 502 547 569 quartum,
562 492 629 574 quie
642 495 747 572 majora
757 503 833 563 sunt,
845 503 913 585 puto

288 583 399 653 tempus
407 573 566 633 differenda
609 574 728 633 Minime
740 594 813 643 vero,
828 573 921 650 inquit

288 666 316 715 et
330 656 409 715 otiosi
424 676 530 725 sumus,
552 665 580 713 et
595 655 628 713 iis
649 656 683 714 de
703 656 785 714 rebus
808 655 924 733 agimus,

288 738 373 795 etiam
388 736 504 814 negotiis
517 736 732 814 emoeponendee.

330 817 369 875 11.
392 819 468 875 'l'um
480 816 679 888 Lucilium-Ne
700 836 777 894 egere
798 815 912 893 quidem

288 899 359 974 quit,
374 899 495 956 oratione
515 898 606 976 prima
626 917 697 976 pare.
739 897 816 964 Quid
839 896 915 955 enim

288 989 347 1035 tam
362 988 500 1054 apertum,
514 988 629 1053 tamque
642 977 827 1056 perspicuum,
843 997 907 1035 eum
923 1004 926 1030 ι

288 1057 425 1134 pommus,
440 1056 620 1133 coelestioque
634 1058 813 1137 contemplati
827 1077 926 1126 sumus¹

288 1137 400 1213 aliquod
420 1156 528 1195 ¹numen
555 1138 807 1215 pmestentissimae
831 1139 927 1197 mentio

288 1220 439 1296 regantur?
464 1217 536 1293 quod
558 1219 588 1276 ni
610 1220 651 1279 ita
671 1229 750 1289 esset,
774 1219 822 1297 qui
843 1220 927 1297 potui:

288 1299 415 1356 omnium
429 1298 518 1356 dicere
533 1298 663 1359 Ennius?

322 1422 339 1448 ‘⁶
348 1418 455 1534 AdepiJe
466 1418 513 1467 hoo
524 1421 630 1471 sublime
641 1422 758 1483 candens,
771 1436 844 1485 quem
856 1421 928 1470 iuvoe

440 1500 511 1535 ovem
520 1490 548 1546 ·‚'’

288 1612 367 1671 illum
384 1633 448 1673 vero
462 1622 490 1673 et
504 1614 522 1673 J
524 1635 617 1685 ovem,
632 1624 661 1675 et
674 1614 876 1674 dominatorem
891 1634 930 1671 ret

288 1695 335 1754 nie
349 1705 422 1755 nutu
436 1707 585 1775 regentem,
601 1706 640 1761 et,
655 1707 687 1753 ut
702 1696 777 1755 idem
792 1694 911 1763 Ennius,

456 1822 471 1848 ‘⁶
479 1823 574 1868 buttem
586 1818 729 1865 divumne.
742 1817 919 1861 hominnmnmo
