2367 3817
158 420 205 468 uo
359 423 409 471 mr
427 423 582 474 urruns
600 425 767 487 nnonunr.
833 486 834 489 Ἴ
863 426 921 475 nm.
937 427 995 478 111.

161 532 326 601 amiculum,
347 533 440 592 ldeme
459 533 613 611 frigidum,
635 536 719 612 eique
735 536 848 595 laneum
871 536 991 615 pallium

163 611 269 690 injecit,
294 633 358 675 cum
382 614 413 672 id
435 634 492 675 csse
512 616 549 674 ad
569 636 653 674 omne
667 616 738 683 ⁴atini
752 624 863 694 tempus
878 616 993 676 diceret.

161 692 298 770 Idemque
313 694 471 774 Aesculapii
493 696 628 775 Epidauri
648 698 764 756 barbam
785 717 899 757 auream
914 698 993 757 demi

157 773 244 849 jussit
253 796 263 832 :-
282 776 462 852 nequeenim
476 777 636 845 convenire,
653 778 802 837 barbatum
816 798 873 838 esse
886 777 993 849 filiurn,

162 872 228 912 cum
252 854 285 912 iu-
307 856 436 916 omnibus
457 856 528 916 bnis
548 867 630 935 pater
647 858 778 916 imberbis
802 867 880 918 esset.
922 858 992 918 Jam

161 950 273 994 menses
285 946 427 1014 argenteas
441 937 476 995 de
489 939 619 996 omnibus
632 937 753 996 delubris
769 939 855 1018 jussit
868 938 969 998 auferri
979 962 991 1008 ;

161 1014 192 1076 in
216 1016 319 1093 quibus
338 1018 422 1094 quod,
444 1037 520 1077 more
542 1018 642 1088 ueteris
664 1018 804 1088 Graeciae,
824 1019 1002 1098 inscriptum·

162 1105 243 1165 osset,
269 1099 449 1157 “Bonorum
463 1099 623 1168 Deorum,’'
644 1099 688 1158 uti
708 1118 738 1158 se
757 1120 853 1160 eorum
867 1102 992 1159 bonitate

164 1176 243 1244 uelle¹
255 1177 372 1237 dicebat.
415 1179 495 1238 Idem
510 1180 676 1240 Victoriolas
695 1200 801 1249 niueas,
823 1189 851 1238 et
872 1190 991 1259 pateras,

163 1275 339 1335 coronasque,
367 1278 439 1335 quae
465 1260 676 1321 simulacrorum
703 1260 833 1336 porrectis
861 1262 992 1322 manibus

163 1337 381 1409 sustinebantur,
406 1339 476 1399 sine·
489 1340 662 1406 dubitatione
687 1340 822 1409 tollebat3
852 1361 938 1418 eaque
962 1363 992 1401 se

163 1418 296 1497 accipere,
314 1440 371 1479 non
385 1420 623 1492 auferre„dicebat
636 1444 645 1493 3
667 1441 728 1480 esse
738 1420 815 1480 enim
828 1421 991 1491 stultitiam,

162 1518 181 1557 a
201 1500 303 1576 quibus
323 1503 396 1562 bona
418 1522 601 1580 precaremur,
624 1506 660 1563 ab
684 1502 719 1560 iis
741 1501 943 1580 porrigentibus
964 1513 994 1562 et

163 1578 297 1645 derebus
320 1583 394 1641 nolle
421 1603 538 1642 sumere.
580 1583 886 1659 Eundemque;..ferunt
912 1583 991 1653 haec,

164 1680 236 1736 quae
256 1662 326 1731 dixi,
351 1663 462 1724 sublata
474 1664 509 1723 de
523 1664 604 1735 fanis,
626 1662 766 1723 inferum
786 1657 941 1741 protulisse,
963 1673 992 1722 et

162 1759 212 1818 per
225 1761 386 1819 praeconem
401 1744 576 1815 vendidisse;
599 1753 751 1821 exactaque
773 1743 898 1822 pecunia
911 1743 991 1802 edix-

163 1821 227 1891 isse,
249 1833 283 1881 ut
297 1824 371 1899 quod
384 1824 503 1900 quisque
515 1846 533 1884 a
545 1826 629 1884 sacris
648 1825 772 1894 haberet,
793 1824 822 1882 id
836 1833 901 1884 ante
915 1825 991 1885 diem

161 1910 265 1960 cortem
285 1903 316 1960 iu
336 1922 420 1962 suum
441 1905 564 1979 quidque
582 1903 681 1962 fanum
703 1902 824 1962 referret.
876 1905 933 1976 Ita,
955 1907 992 1977 ed

163 1981 338 2059 impietatem
352 1982 382 2040 in
396 1981 470 2051 deos,
484 1983 515 2042 in
527 1982 654 2041 homines
667 1982 798 2061 adjunxit
808 1984 950 2062 injuriam.

203 2062 334 2130 XXXV·
356 2062 441 2122 Hunc
461 2063 547 2141 igitur
566 2082 621 2121 nec
633 2062 782 2151 Olympius
802 2064 915 2141 Jupiter
934 2056 990 2123 fulss

162 2142 241 2202 mine
263 2142 405 2220 permissit,
427 2161 478 2199 nec
492 2141 675 2217 Aesculapius
687 2159 787 2198 misero
801 2141 990 2217 diuturnoque

161 2223 257 2291 morbo
278 2222 464 2281 tabescentem
484 2220 645 2279 interemit:
668 2227 753 2296 atque
773 2218 803 2277 iu
824 2239 873 2278 sue
886 2220 988 2281 lectulo

162 2310 299 2380 mortuus,
320 2301 351 2360 iu
365 2299 550 2379 Tympanidis
568 2321 666 2379 rogum
680 2298 774 2359 illatus
788 2308 850 2369 est;
871 2320 988 2377 eamque

163 2391 339 2458 potestatem,
365 2402 459 2458 quam.
475 2383 533 2460 ipse
546 2402 595 2459 per
608 2382 697 2442 scelus
709 2390 768 2442 emt
780 2390 887 2452 nactus,
910 2383 989 2462 quasi

159 2462 273 2539 justam
296 2471 326 2528 et
352 2462 517 2541 legitimam,
549 2463 728 2523 haereditatis
750 2462 818 2533 loco,
847 2462 904 2522 filio
931 2472 990 2524 bn-

204 2624 301 2683 Invite
321 2623 351 2683 in
364 2625 416 2683 hoc
435 2626 493 2685 loco
508 2634 634 2686 versatur
654 2624 760 2686 oratio:
782 2625 893 2684 videtur
914 2625 990 2688 enirn

162 2706 357 2773 auctoritatem
370 2706 466 2765 efferre
479 2707 619 2784 peccandi.
661 2706 748 2772 Recte
761 2705 915 2786 videretur,
934 2706 990 2767 nisi

163 2797 192 2859 et
206 2786 319 2855 ¹uirtutis
333 2795 362 2845 et
372 2787 515 2857 vitiorum,
530 2787 589 2846 sine
603 2787 661 2846 ulla
674 2786 771 2846 divina
778 2786 892 2855 ratione,
907 2807 991 2868 greve

164 2867 251 2946 ipsius
265 2865 446 2928 conscientiae
459 2869 566 2946 pondus
580 2879 650 2927 esset
660 2889 678 2943 r„
690 2888 746 2946 qua
759 2867 878 2938 sublata,
895 2869 990 2947 jacent

163 2949 265 3016 omnia.
307 2949 352 3007 Ut
366 2949 440 3007 euim
456 2970 507 3008 nec
521 2950 621 3009 domus
641 2969 693 3008 noc
712 2948 865 3027 respublica
885 2947 991 3008 ratione

164 3030 287 3106 quadam
301 3039 330 3089 et
343 3028 488 3107 disciplina
501 3031 644 3110 designata
657 3030 794 3097 videatur,
815 3029 837 3087 si
852 3029 882 3086 in
896 3049 929 3088 ca
940 3049 992 3087 nec

162 3111 329 3175 rectal'actis
351 3111 474 3187 praemia
495 3115 604 3172 enatent
621 3111 687 3180 ulla,
709 3130 760 3170 nec
774 3109 908 3187 supplicia
926 3129 992 3187 pec.

162 3190 251 3261 catis3
273 3191 311 3258 sic
328 3190 432 3251 mundi
455 3193 554 3253 divina
571 3193 601 3251 in
622 3191 748 3252 homiues
763 3190 914 3250 moderatio
928 3210 992 3269 pro.
