2367 3817
162 445 284 498 cra-rc.
371 410 774 497 nnrmusannoauu.
961 450 995 499 sa

163 556 229 622 cu'm
243 555 417 639 haruspicem
437 557 548 618 viderit.
590 557 652 617 Hoc
666 554 832 624 mirabilius,
857 555 931 633 quod
945 575 994 616 vos

163 639 238 700 inter
249 659 299 699 ros
318 640 407 712 rismn
427 648 521 698 tenere
539 638 658 716 possitis.
700 644 721 671 “
740 636 808 696 Non
822 645 865 696 est
885 653 992 714 corpus,

161 721 438 800 sed'quasi·corpus.’'
480 720 544 779 Hoc
558 719 750 797 intelligerem,
772 718 854 795 quale
871 728 952 787 esset,
967 717 991 777 si

161 802 192 861 id
204 799 236 860 in
253 799 321 862 ceris
334 799 574 879 'fingeretur,·aut
592 799 725 859 fictilibus
746 798 860 876 figuris-2
890 798 920 857 in
940 798 991 857 deo

162 883 231 964 q'uld
247 884 285 942 sit
299 882 380 960 quasi
399 901 505 961 corpus,
526 890 577 940 aut
598 880 677 957 quasi
697 880 818 957 sanginis,
830 878 992 957 *intelligere

161 978 358 1042 nonpossum.
399 962 448 1021 Ne
461 972 495 1021 tn
515 961 639 1039 quidem,
664 960 776 1019 Vellei:
805 959 928 1019 sednon
949 960 992 1017 vis

160 1044 252 1104 fateri.
293 1044 353 1101 Ista
373 1042 449 1101 enim
469 1062 486 1101 a
506 1042 584 1101 vobis
605 1041 684 1119 quasi
705 1040 809 1100 dictata
828 1038 992 1108 redduntur,

162 1143 235 1203 quae
249 1123 386 1202 Epicurus
398 1123 515 1181 oscitans
528 1122 716 1182 hallucinatus
730 1131 781 1191 est,
795 1141 860 1180 cum
874 1119 988 1198 quidem

166 1205 338 1283 gloriaretur,
351 1212 384 1263 ut
399 1204 527 1264 ridemus
539 1204 571 1262 in
584 1204 702 1282 scriptis,
716 1223 746 1261 se
758 1203 924 1281 magistrum
937 1201 990 1260 ha-

163 1286 256 1345 buisse
266 1286 386 1345 nullum.
428 1284 518 1354 Quod,
533 1294 561 1343 et
574 1305 631 1344 non
646 1284 824 1364 praedicanti,
839 1291 934 1342 tamen
949 1282 992 1339 fa·

161 1367 216 1425 cile
236 1366 350 1444 quidem
371 1366 508 1424 crederem
518 1387 528 1436 3
557 1366 630 1424 sicut
651 1364 719 1424 mali
739 1364 857 1423 aedificii
879 1362 991 1421 domino

163 1447 301 1526 glorianti,
318 1467 347 1506 se
360 1446 543 1506 architectum
557 1466 612 1504 non
633 1446 771 1504 habuisse.
817 1442 900 1502 Nihil
915 1442 991 1500 enirn

162 1528 219 1589 olet
232 1548 268 1587 ex
282 1527 444 1595 Academia,
458 1527 531 1584 nihil
541 1547 577 1584 ex
591 1528 693 1603 Lyceo,
714 1525 786 1583 nihil
800 1544 835 1582 ne
849 1543 865 1582 e
878 1524 991 1601 puerili-

163 1611 216 1668 bus
232 1608 344 1685 quidem
364 1607 523 1683 disciplinis.
564 1607 750 1665 Xenocratem
770 1604 865 1663 audire
879 1603 990 1681 potuim

164 1708 250 1765 quem
264 1688 376 1745 virum!
393 1686 432 1745 dii
443 1686 614 1745 immortales
627 1687 633 1742 Ι
656 1694 684 1744 et
699 1694 763 1744 sunt
775 1684 823 1762 qui
832 1693 931 1762 putent
942 1704 992 1741 au·

164 1766 287 1827 diune:
308 1768 366 1845 ipse
388 1786 443 1825 non
459 1766 531 1825 vult.
573 1766 661 1825 Credo
675 1767 737 1844 plus
751 1765 866 1824 nemini.
909 1765 991 1823 Pam·

164 1849 275 1927 philum
291 1847 441 1925 quendam,
463 1847 586 1906 Platonis
599 1847 764 1917 auditorem,
786 1848 826 1906 ait
840 1866 858 1905 a
871 1866 900 1905 se
914 1846 991 1904 Sami

163 1929 303 1989 auditum.
345 1927 389 1987 Ibi
404 1928 480 1986 enim
494 1928 649 1987 adolescens
668 1928 814 1989 habitabat
835 1948 900 1986 cum
914 1936 991 2004 patre

166 2022 195 2070 et
207 2011 348 2079 lintribus,
363 2008 437 2087 quod
450 2008 480 2067 in
494 2028 557 2067 eam
571 2018 651 2086 pater
663 2010 724 2087 ejus
739 2009 856 2067 Neocles
870 2009 992 2085 agripeta

165 2100 298 2150 venerata
322 2089 379 2159 sed,
401 2109 465 2148 cum
480 2089 584 2167 agellus
598 2109 664 2147 eum
684 2110 740 2147 non
761 2089 828 2147 satis
844 2088 938 2157 aleret,
961 2098 994 2146 ut

165 2172 270 2250 opinor,
285 2170 479 2247 ludimagister
491 2170 554 2228 fuir.
597 2169 652 2227 Sed
660 2170 736 2229 hunc
748 2169 923 2228 Platonicum
938 2168 991 2225 rni-

164 2252 239 2311 rifice
253 2251 407 2312 contemnit
428 2250 584 2328 Epicurus:
607 2250 648 2309 ita
660 2252 773 2319 metuit,
794 2270 830 2309 ne
851 2249 919 2326 quid
940 2269 993 2307 un-

165 2352 251 2409 quam
265 2332 392 2391 didicisse
409 2330 545 2389 videatur.
588 2331 625 2388 ln
646 2330 827 2408 Nausiphane
848 2331 993 2389 Democri.

166 2424 213 2471 teo
233 2423 363 2470 tenetur:
392 2429 476 2487 quem
497 2429 594 2467 cuma
615 2429 643 2468 se
663 2429 720 2469 non
746 2419 828 2488 neget
852 2410 992 2477 auditum,

167 2502 252 2550 vexat
279 2500 374 2549 tamen
395 2490 524 2548 omnibus
545 2489 731 2548 contumeliis.
772 2489 863 2566 Atqui
884 2490 908 2548 si
928 2490 995 2551 haec

168 2572 349 2632 Democritea
367 2590 423 2629 non
438 2568 576 2638 audisset,
605 2569 673 2646 quid
694 2568 843 2629 audierat?
866 2569 995 2647 quidest

168 2654 198 2711 in
208 2652 329 2731 physicis
343 2651 457 2730 Epicuri
470 2670 525 2709 non
537 2650 745 2710 aDemocrito?
768 2670 834 2709 narn
849 2651 900 2710 etsi
909 2672 995 2729 quae.

167 2735 234 2793 dam
248 2732 443 2813 commutavit,
459 2742 502 2801 ut,
516 2731 591 2809 quod
601 2732 684 2809 paulo
698 2740 764 2791 ante
773 2731 807 2790 de
817 2731 994 2792 inclinatione

167 2824 325 2873 atomorum
339 2812 399 2871 dixi
410 2835 420 2883 ,-
442 2822 538 2872 tamen
558 2813 688 2891 pleraque
708 2812 776 2872 dicit
797 2813 914 2885 eadem;
935 2826 995 2875 ato·

168 2914 238 2963 mos,
252 2894 344 2961 inane,
356 2894 500 2972 imagines,
511 2893 681 2952 infinitatem
691 2893 822 2963 locorum,
834 2895 996 2953 innumera-

167 2974 361 3051 bilitatemque
375 2973 553 3043 mundorum,
569 2993 666 3033 eorum
680 2983 765 3043 onus,
780 2975 919 3046 interitus,
935 2995 995 3032 om·

168 3056 216 3115 nia
229 3056 293 3123 iere,
315 3055 417 3132 quibus
429 3062 547 3114 naturae
560 3053 631 3113 ratio
645 3054 808 3115 continetur.

204 3135 291 3194 Nunc
301 3135 378 3194 istud
389 3140 409 3168 “
422 3135 502 3212 quasi
513 3135 638 3213 corpus,''
648 3143 678 3192 et
688 3140 708 3167 “
717 3132 1001 3211 quarumnam?

169 3215 235 3291 quid
249 3214 404 3293 intelligis?
431 3236 482 3296 ego
497 3216 578 3277 enim
590 3215 665 3276 scire
678 3226 712 3274 te
721 3214 788 3273 ista
796 3210 923 3271 urebas,
941 3213 1041 3270 “hm

156 3314 212 3362 ΜΘ,
226 3315 282 3353 non
297 3296 390 3357 fateor
400 3299 507 3372 solum,
531 3300 585 3362 sed
599 3298 700 3359 etiam
712 3294 806 3354 lacha
815 3284 935 3366 patrer.
974 3272 1066 3323 ΜΚ
