<?xml version="1.0" encoding="UTF-8"?>
<!DOCTYPE html PUBLIC "-//W3C//DTD XHTML 1.0 Transitional//EN"
    "http://www.w3.org/TR/xhtml1/DTD/xhtml1-transitional.dtd">
<html xmlns="http://www.w3.org/1999/xhtml" xml:lang="en" lang="en">
 <head>
  <title>
</title>
<meta http-equiv="Content-Type" content="text/html;charset=utf-8" />
  <meta name='ocr-system' content='tesseract 3.04.00' />
  <meta name='ocr-capabilities' content='ocr_page ocr_carea ocr_par ocr_line ocrx_word'/>
</head>
<body>
  <div class='ocr_page' id='page_1' title='image "./mtulliiciceroni00schogoog_0099.png"; bbox 0 0 2367 3817; ppageno 0'>
   <div class='ocr_carea' id='block_1_1' title="bbox 176 450 1009 516">
    <p class='ocr_par' dir='ltr' id='par_1_1' title="bbox 176 450 1009 516">
     <span class='ocr_line' id='line_1_1' title="bbox 176 450 1009 516; baseline -0.004 -10"><span class='ocrx_word' id='word_1_1' title='bbox 176 456 241 506; x_wconf 77' lang='lat' dir='ltr'>Car.</span> <span class='ocrx_word' id='word_1_2' title='bbox 255 454 348 516; x_wconf 77' lang='lat' dir='ltr'>60,6l.</span> <span class='ocrx_word' id='word_1_3' title='bbox 400 454 450 505; x_wconf 83' lang='lat' dir='ltr'>DE</span> <span class='ocrx_word' id='word_1_4' title='bbox 467 454 621 506; x_wconf 77' lang='lat' dir='ltr'>NATURA</span> <span class='ocrx_word' id='word_1_5' title='bbox 638 455 805 506; x_wconf 80' lang='lat' dir='ltr'>Dsonun.</span> <span class='ocrx_word' id='word_1_6' title='bbox 977 450 1009 503; x_wconf 79' lang='grc'>97</span> 
     </span>
    </p>
   </div>
   <div class='ocr_carea' id='block_1_2' title="bbox 148 566 1058 3452">
    <p class='ocr_par' dir='ltr' id='par_1_2' title="bbox 175 566 1007 708">
     <span class='ocr_line' id='line_1_2' title="bbox 175 566 1007 645; baseline -0.005 -18"><span class='ocrx_word' id='word_1_7' title='bbox 175 567 298 627; x_wconf 78' lang='lat' dir='ltr'><strong>succedit</strong></span> <span class='ocrx_word' id='word_1_8' title='bbox 319 567 353 625; x_wconf 78' lang='lat' dir='ltr'>eri</span> <span class='ocrx_word' id='word_1_9' title='bbox 374 566 418 637; x_wconf 89' lang='lat' dir='ltr'>ils,</span> <span class='ocrx_word' id='word_1_10' title='bbox 441 581 512 645; x_wconf 89' lang='lat' dir='ltr'>quae</span> <span class='ocrx_word' id='word_1_11' title='bbox 531 568 717 644; x_wconf 86' lang='lat' dir='ltr'>acquiernnt:</span> <span class='ocrx_word' id='word_1_12' title='bbox 738 588 825 645; x_wconf 88' lang='lat' dir='ltr'>eaque</span> <span class='ocrx_word' id='word_1_13' title='bbox 847 566 1007 631; x_wconf 72' lang='lat' dir='ltr'>vicissitudo</span> 
     </span>
     <span class='ocr_line' id='line_1_3' title="bbox 177 649 776 708; baseline -0.007 0"><span class='ocrx_word' id='word_1_14' title='bbox 177 649 296 708; x_wconf 88' lang='lat' dir='ltr'>inomni</span> <span class='ocrx_word' id='word_1_15' title='bbox 313 669 394 707; x_wconf 90' lang='lat' dir='ltr'>cursu</span> <span class='ocrx_word' id='word_1_16' title='bbox 409 659 596 707; x_wconf 87' lang='lat' dir='ltr'>conservatur.</span> <span class='ocrx_word' id='word_1_17' title='bbox 773 674 776 678; x_wconf 52' lang='grc'>’</span> 
     </span>
    </p>

    <p class='ocr_par' dir='ltr' id='par_1_3' title="bbox 174 729 1002 1049">
     <span class='ocr_line' id='line_1_4' title="bbox 217 729 1001 808; baseline 0 -20"><span class='ocrx_word' id='word_1_18' title='bbox 217 730 311 789; x_wconf 84' lang='lat' dir='ltr'>Multa</span> <span class='ocrx_word' id='word_1_19' title='bbox 320 730 458 807; x_wconf 75' lang='lat' dir='ltr'>eiusmodi</span> <span class='ocrx_word' id='word_1_20' title='bbox 466 730 584 808; x_wconf 84' lang='lat' dir='ltr'>pmlene</span> <span class='ocrx_word' id='word_1_21' title='bbox 595 750 707 808; x_wconf 85' lang='lat' dir='ltr'>possum</span> <span class='ocrx_word' id='word_1_22' title='bbox 719 749 727 786; x_wconf 76' lang='grc' dir='ltr'><strong><em>ι</em></strong></span> <span class='ocrx_word' id='word_1_23' title='bbox 748 730 796 789; x_wconf 90' lang='lat' dir='ltr'>sed</span> <span class='ocrx_word' id='word_1_24' title='bbox 809 750 895 808; x_wconf 88' lang='lat' dir='ltr'>genus</span> <span class='ocrx_word' id='word_1_25' title='bbox 909 729 1001 807; x_wconf 90' lang='lat' dir='ltr'>ipsum</span> 
     </span>
     <span class='ocr_line' id='line_1_5' title="bbox 176 810 1002 888; baseline -0.001 -20"><span class='ocrx_word' id='word_1_26' title='bbox 176 810 285 870; x_wconf 86' lang='lat' dir='ltr'>videtis.</span> <span class='ocrx_word' id='word_1_27' title='bbox 326 812 345 868; x_wconf 89' lang='lat' dir='ltr'>J</span> <span class='ocrx_word' id='word_1_28' title='bbox 347 830 394 869; x_wconf 85' lang='lat' dir='ltr'>am</span> <span class='ocrx_word' id='word_1_29' title='bbox 407 830 472 868; x_wconf 91' lang='lat' dir='ltr'>vero</span> <span class='ocrx_word' id='word_1_30' title='bbox 482 811 530 869; x_wconf 88' lang='lat' dir='ltr'>illa</span> <span class='ocrx_word' id='word_1_31' title='bbox 540 811 627 870; x_wconf 89' lang='lat' dir='ltr'>etiam</span> <span class='ocrx_word' id='word_1_32' title='bbox 637 812 753 881; x_wconf 87' lang='lat' dir='ltr'>notiora,</span> <span class='ocrx_word' id='word_1_33' title='bbox 768 822 873 888; x_wconf 89' lang='lat' dir='ltr'>quanto</span> <span class='ocrx_word' id='word_1_34' title='bbox 883 831 912 870; x_wconf 88' lang='lat' dir='ltr'>se</span> <span class='ocrx_word' id='word_1_35' title='bbox 922 830 1002 888; x_wconf 84' lang='lat' dir='ltr'>opere</span> 
     </span>
     <span class='ocr_line' id='line_1_6' title="bbox 176 892 1000 970; baseline 0.001 -22"><span class='ocrx_word' id='word_1_36' title='bbox 176 892 333 950; x_wconf 85' lang='lat' dir='ltr'>custodiant</span> <span class='ocrx_word' id='word_1_37' title='bbox 347 892 461 961; x_wconf 88' lang='lat' dir='ltr'>bestiae,</span> <span class='ocrx_word' id='word_1_38' title='bbox 475 892 552 951; x_wconf 91' lang='lat' dir='ltr'>utin</span> <span class='ocrx_word' id='word_1_39' title='bbox 566 902 649 970; x_wconf 85' lang='lat' dir='ltr'>pastu</span> <span class='ocrx_word' id='word_1_40' title='bbox 663 894 901 968; x_wconf 79' lang='lat' dir='ltr'>circumspecteut,</span> <span class='ocrx_word' id='word_1_41' title='bbox 922 903 956 951; x_wconf 90' lang='lat' dir='ltr'>ut</span> <span class='ocrx_word' id='word_1_42' title='bbox 970 892 1000 949; x_wconf 93' lang='lat' dir='ltr'>in</span> 
     </span>
     <span class='ocr_line' id='line_1_7' title="bbox 174 973 834 1049; baseline -0.003 -18"><span class='ocrx_word' id='word_1_43' title='bbox 174 974 312 1031; x_wconf 89' lang='lat' dir='ltr'>cubilibus</span> <span class='ocrx_word' id='word_1_44' title='bbox 325 973 505 1032; x_wconf 78' lang='lat' dir='ltr'>delitescant:</span> <span class='ocrx_word' id='word_1_45' title='bbox 526 983 612 1049; x_wconf 91' lang='lat' dir='ltr'>atque</span> <span class='ocrx_word' id='word_1_46' title='bbox 626 973 674 1031; x_wconf 91' lang='lat' dir='ltr'>illa</span> <span class='ocrx_word' id='word_1_47' title='bbox 687 974 834 1031; x_wconf 81' lang='lat' dir='ltr'>mirabilia.</span> 
     </span>
    </p>

    <p class='ocr_par' dir='ltr' id='par_1_4' title="bbox 173 1052 1001 1375">
     <span class='ocr_line' id='line_1_8' title="bbox 215 1052 1000 1131; baseline -0.001 -19"><span class='ocrx_word' id='word_1_48' title='bbox 215 1055 248 1111; x_wconf 74' lang='lat' dir='ltr'>Is.</span> <span class='ocrx_word' id='word_1_49' title='bbox 269 1052 346 1120; x_wconf 85' lang='lat' dir='ltr'>Quid</span> <span class='ocrx_word' id='word_1_50' title='bbox 359 1075 402 1122; x_wconf 89' lang='lat' dir='ltr'>ea,</span> <span class='ocrx_word' id='word_1_51' title='bbox 423 1074 494 1131; x_wconf 86' lang='lat' dir='ltr'>quse</span> <span class='ocrx_word' id='word_1_52' title='bbox 507 1074 605 1131; x_wconf 89' lang='lat' dir='ltr'>nuper,</span> <span class='ocrx_word' id='word_1_53' title='bbox 630 1053 660 1111; x_wconf 91' lang='lat' dir='ltr'>id</span> <span class='ocrx_word' id='word_1_54' title='bbox 674 1063 716 1112; x_wconf 88' lang='lat' dir='ltr'>est</span> <span class='ocrx_word' id='word_1_55' title='bbox 729 1055 824 1131; x_wconf 87' lang='lat' dir='ltr'>paucis</span> <span class='ocrx_word' id='word_1_56' title='bbox 843 1062 909 1111; x_wconf 88' lang='lat' dir='ltr'>ante</span> <span class='ocrx_word' id='word_1_57' title='bbox 922 1072 1000 1111; x_wconf 88' lang='lat' dir='ltr'>secu-</span> 
     </span>
     <span class='ocr_line' id='line_1_9' title="bbox 173 1134 1000 1213; baseline 0.001 -21"><span class='ocrx_word' id='word_1_58' title='bbox 173 1136 217 1204; x_wconf 82' lang='lat' dir='ltr'>lis,</span> <span class='ocrx_word' id='word_1_59' title='bbox 245 1136 416 1195; x_wconf 82' lang='lat' dir='ltr'>medicorum</span> <span class='ocrx_word' id='word_1_60' title='bbox 437 1135 554 1212; x_wconf 87' lang='lat' dir='ltr'>ingeniis</span> <span class='ocrx_word' id='word_1_61' title='bbox 575 1137 793 1213; x_wconf 77' lang='lat' dir='ltr'>reportarunt?</span> <span class='ocrx_word' id='word_1_62' title='bbox 841 1134 1000 1195; x_wconf 89' lang='lat' dir='ltr'>Vomitione</span> 
     </span>
     <span class='ocr_line' id='line_1_10' title="bbox 175 1216 1001 1295; baseline 0.002 -22"><span class='ocrx_word' id='word_1_63' title='bbox 175 1235 267 1285; x_wconf 84' lang='lat' dir='ltr'>osnes,</span> <span class='ocrx_word' id='word_1_64' title='bbox 282 1216 447 1294; x_wconf 79' lang='lat' dir='ltr'>purgatione</span> <span class='ocrx_word' id='word_1_65' title='bbox 457 1227 553 1274; x_wconf 85' lang='lat' dir='ltr'>autem</span> <span class='ocrx_word' id='word_1_66' title='bbox 562 1216 639 1274; x_wconf 86' lang='lat' dir='ltr'>alvos</span> <span class='ocrx_word' id='word_1_67' title='bbox 653 1217 712 1275; x_wconf 88' lang='lat' dir='ltr'>ibes</span> <span class='ocrx_word' id='word_1_68' title='bbox 726 1217 883 1295; x_wconf 82' lang='lat' dir='ltr'>Aegyptios</span> <span class='ocrx_word' id='word_1_69' title='bbox 892 1224 1001 1279; x_wconf 88' lang='lat' dir='ltr'>curant.</span> 
     </span>
     <span class='ocr_line' id='line_1_11' title="bbox 174 1296 1001 1375; baseline 0 -20"><span class='ocrx_word' id='word_1_70' title='bbox 174 1296 315 1355; x_wconf 80' lang='lat' dir='ltr'>Auditum</span> <span class='ocrx_word' id='word_1_71' title='bbox 328 1309 381 1367; x_wconf 90' lang='lat' dir='ltr'>est,</span> <span class='ocrx_word' id='word_1_72' title='bbox 402 1298 560 1375; x_wconf 74' lang='lat' dir='ltr'>pantherae,</span> <span class='ocrx_word' id='word_1_73' title='bbox 583 1318 655 1374; x_wconf 85' lang='lat' dir='ltr'>quaa</span> <span class='ocrx_word' id='word_1_74' title='bbox 668 1298 698 1355; x_wconf 90' lang='lat' dir='ltr'>in</span> <span class='ocrx_word' id='word_1_75' title='bbox 713 1298 843 1358; x_wconf 80' lang='lat' dir='ltr'>Barbaria</span> <span class='ocrx_word' id='word_1_76' title='bbox 863 1305 1001 1357; x_wconf 83' lang='lat' dir='ltr'>venenate</span> 
     </span>
    </p>

    <p class='ocr_par' dir='ltr' id='par_1_5' title="bbox 156 1377 1001 2345">
     <span class='ocr_line' id='line_1_12' title="bbox 156 1377 998 1455; baseline -0.001 -19"><span class='ocrx_word' id='word_1_77' title='bbox 156 1396 253 1436; x_wconf 74' lang='lat' dir='ltr'>came</span> <span class='ocrx_word' id='word_1_78' title='bbox 270 1388 442 1455; x_wconf 83' lang='lat' dir='ltr'>caperentur,</span> <span class='ocrx_word' id='word_1_79' title='bbox 464 1378 620 1437; x_wconf 87' lang='lat' dir='ltr'>remedium</span> <span class='ocrx_word' id='word_1_80' title='bbox 641 1377 781 1455; x_wconf 81' lang='lat' dir='ltr'>quoddam</span> <span class='ocrx_word' id='word_1_81' title='bbox 802 1379 920 1446; x_wconf 81' lang='lat' dir='ltr'>habere3</span> <span class='ocrx_word' id='word_1_82' title='bbox 940 1398 998 1455; x_wconf 90' lang='lat' dir='ltr'>quo</span> 
     </span>
     <span class='ocr_line' id='line_1_13' title="bbox 171 1458 999 1535; baseline 0.005 -19"><span class='ocrx_word' id='word_1_83' title='bbox 171 1477 236 1516; x_wconf 88' lang='lat' dir='ltr'>curn</span> <span class='ocrx_word' id='word_1_84' title='bbox 251 1468 342 1516; x_wconf 89' lang='lat' dir='ltr'>essent</span> <span class='ocrx_word' id='word_1_85' title='bbox 356 1478 431 1527; x_wconf 83' lang='lat' dir='ltr'>usse,</span> <span class='ocrx_word' id='word_1_86' title='bbox 450 1478 506 1516; x_wconf 90' lang='lat' dir='ltr'>non</span> <span class='ocrx_word' id='word_1_87' title='bbox 520 1470 712 1517; x_wconf 78' lang='lat' dir='ltr'>nrorerenturr</span> <span class='ocrx_word' id='word_1_88' title='bbox 738 1478 832 1535; x_wconf 86' lang='lat' dir='ltr'>capras</span> <span class='ocrx_word' id='word_1_89' title='bbox 852 1467 948 1517; x_wconf 88' lang='lat' dir='ltr'>sutem</span> <span class='ocrx_word' id='word_1_90' title='bbox 968 1458 999 1520; x_wconf 86' lang='lat' dir='ltr'>in</span> 
     </span>
     <span class='ocr_line' id='line_1_14' title="bbox 171 1537 998 1615; baseline 0.001 -19"><span class='ocrx_word' id='word_1_91' title='bbox 171 1539 256 1597; x_wconf 83' lang='lat' dir='ltr'>Creta</span> <span class='ocrx_word' id='word_1_92' title='bbox 274 1538 355 1607; x_wconf 75' lang='lat' dir='ltr'>feras,</span> <span class='ocrx_word' id='word_1_93' title='bbox 376 1557 441 1596; x_wconf 84' lang='lat' dir='ltr'>cum</span> <span class='ocrx_word' id='word_1_94' title='bbox 455 1548 548 1595; x_wconf 84' lang='lat' dir='ltr'>essent</span> <span class='ocrx_word' id='word_1_95' title='bbox 568 1538 692 1597; x_wconf 86' lang='lat' dir='ltr'>confixae</span> <span class='ocrx_word' id='word_1_96' title='bbox 712 1540 857 1598; x_wconf 79' lang='lat' dir='ltr'>venenatis</span> <span class='ocrx_word' id='word_1_97' title='bbox 878 1537 998 1615; x_wconf 78' lang='lat' dir='ltr'>sagittis,</span> 
     </span>
     <span class='ocr_line' id='line_1_15' title="bbox 172 1618 998 1695; baseline 0.005 -20"><span class='ocrx_word' id='word_1_98' title='bbox 172 1619 288 1676; x_wconf 84' lang='lat' dir='ltr'>herbam</span> <span class='ocrx_word' id='word_1_99' title='bbox 299 1638 442 1694; x_wconf 86' lang='lat' dir='ltr'>quaerere,</span> <span class='ocrx_word' id='word_1_100' title='bbox 464 1638 535 1694; x_wconf 87' lang='lat' dir='ltr'>quse</span> <span class='ocrx_word' id='word_1_101' title='bbox 555 1618 715 1676; x_wconf 77' lang='lat' dir='ltr'>dictamnus</span> <span class='ocrx_word' id='word_1_102' title='bbox 736 1628 888 1689; x_wconf 87' lang='lat' dir='ltr'>vocaretur,</span> <span class='ocrx_word' id='word_1_103' title='bbox 911 1639 998 1695; x_wconf 87' lang='lat' dir='ltr'>quam</span> 
     </span>
     <span class='ocr_line' id='line_1_16' title="bbox 171 1698 999 1777; baseline 0.002 -21"><span class='ocrx_word' id='word_1_104' title='bbox 171 1718 237 1756; x_wconf 90' lang='lat' dir='ltr'>cum</span> <span class='ocrx_word' id='word_1_105' title='bbox 251 1699 446 1776; x_wconf 80' lang='lat' dir='ltr'>gustavissent,</span> <span class='ocrx_word' id='word_1_106' title='bbox 466 1698 583 1776; x_wconf 80' lang='lat' dir='ltr'>sagittas</span> <span class='ocrx_word' id='word_1_107' title='bbox 602 1699 727 1757; x_wconf 82' lang='lat' dir='ltr'>excidere</span> <span class='ocrx_word' id='word_1_108' title='bbox 738 1698 838 1758; x_wconf 84' lang='lat' dir='ltr'>dicunt</span> <span class='ocrx_word' id='word_1_109' title='bbox 849 1720 867 1757; x_wconf 91' lang='lat' dir='ltr'>e</span> <span class='ocrx_word' id='word_1_110' title='bbox 880 1720 999 1777; x_wconf 85' lang='lat' dir='ltr'>corpore.</span> 
     </span>
     <span class='ocr_line' id='line_1_17' title="bbox 171 1780 998 1859; baseline 0.005 -22"><span class='ocrx_word' id='word_1_111' title='bbox 171 1781 342 1856; x_wconf 79' lang='lat' dir='ltr'>cervaeque,</span> <span class='ocrx_word' id='word_1_112' title='bbox 356 1780 438 1856; x_wconf 86' lang='lat' dir='ltr'>paulo</span> <span class='ocrx_word' id='word_1_113' title='bbox 447 1789 514 1837; x_wconf 89' lang='lat' dir='ltr'>ante</span> <span class='ocrx_word' id='word_1_114' title='bbox 524 1790 646 1857; x_wconf 87' lang='lat' dir='ltr'>partum,</span> <span class='ocrx_word' id='word_1_115' title='bbox 661 1780 998 1859; x_wconf 82' lang='lat' dir='ltr'>perpurgsntsequsdam</span> 
     </span>
     <span class='ocr_line' id='line_1_18' title="bbox 171 1860 1001 1937; baseline 0.005 -20"><span class='ocrx_word' id='word_1_116' title='bbox 171 1862 296 1930; x_wconf 85' lang='lat' dir='ltr'>herbula,</span> <span class='ocrx_word' id='word_1_117' title='bbox 309 1881 383 1937; x_wconf 89' lang='lat' dir='ltr'>quae</span> <span class='ocrx_word' id='word_1_118' title='bbox 396 1860 496 1919; x_wconf 83' lang='lat' dir='ltr'>Seselis</span> <span class='ocrx_word' id='word_1_119' title='bbox 509 1860 620 1919; x_wconf 88' lang='lat' dir='ltr'>dicitur.</span> <span class='ocrx_word' id='word_1_120' title='bbox 660 1862 679 1919; x_wconf 84' lang='lat' dir='ltr'>J</span> <span class='ocrx_word' id='word_1_121' title='bbox 681 1882 727 1922; x_wconf 90' lang='lat' dir='ltr'>am</span> <span class='ocrx_word' id='word_1_122' title='bbox 742 1862 790 1920; x_wconf 88' lang='lat' dir='ltr'>ille</span> <span class='ocrx_word' id='word_1_123' title='bbox 800 1862 947 1933; x_wconf 88' lang='lat' dir='ltr'>cemimus,</span> <span class='ocrx_word' id='word_1_124' title='bbox 963 1873 1001 1921; x_wconf 92' lang='lat' dir='ltr'>ut·</span> 
     </span>
     <span class='ocr_line' id='line_1_19' title="bbox 170 1942 995 2020; baseline 0.004 -20"><span class='ocrx_word' id='word_1_125' title='bbox 170 1951 266 2001; x_wconf 85' lang='lat' dir='ltr'>contra</span> <span class='ocrx_word' id='word_1_126' title='bbox 278 1952 387 2000; x_wconf 89' lang='lat' dir='ltr'>metum</span> <span class='ocrx_word' id='word_1_127' title='bbox 401 1951 431 2000; x_wconf 92' lang='lat' dir='ltr'>et</span> <span class='ocrx_word' id='word_1_128' title='bbox 446 1942 505 2000; x_wconf 88' lang='lat' dir='ltr'>vim</span> <span class='ocrx_word' id='word_1_129' title='bbox 520 1943 577 2000; x_wconf 88' lang='lat' dir='ltr'>suis</span> <span class='ocrx_word' id='word_1_130' title='bbox 587 1962 615 2000; x_wconf 88' lang='lat' dir='ltr'>se</span> <span class='ocrx_word' id='word_1_131' title='bbox 623 1943 710 2001; x_wconf 86' lang='lat' dir='ltr'>armis</span> <span class='ocrx_word' id='word_1_132' title='bbox 718 1963 846 2020; x_wconf 86' lang='lat' dir='ltr'>quaeque</span> <span class='ocrx_word' id='word_1_133' title='bbox 855 1944 995 2004; x_wconf 82' lang='lat' dir='ltr'>defendat.</span> 
     </span>
     <span class='ocr_line' id='line_1_20' title="bbox 171 2022 998 2101; baseline 0.007 -24"><span class='ocrx_word' id='word_1_134' title='bbox 171 2022 306 2081; x_wconf 83' lang='lat' dir='ltr'>Comibus</span> <span class='ocrx_word' id='word_1_135' title='bbox 330 2023 414 2091; x_wconf 79' lang='lat' dir='ltr'>tauri,</span> <span class='ocrx_word' id='word_1_136' title='bbox 437 2023 498 2101; x_wconf 83' lang='lat' dir='ltr'>apri</span> <span class='ocrx_word' id='word_1_137' title='bbox 518 2024 659 2093; x_wconf 83' lang='lat' dir='ltr'>dentibus,</span> <span class='ocrx_word' id='word_1_138' title='bbox 681 2044 776 2083; x_wconf 82' lang='lat' dir='ltr'>morsu</span> <span class='ocrx_word' id='word_1_139' title='bbox 796 2025 906 2092; x_wconf 86' lang='lat' dir='ltr'>leones;</span> <span class='ocrx_word' id='word_1_140' title='bbox 927 2025 998 2084; x_wconf 87' lang='lat' dir='ltr'>aliae</span> 
     </span>
     <span class='ocr_line' id='line_1_21' title="bbox 170 2103 996 2180; baseline 0.005 -21"><span class='ocrx_word' id='word_1_141' title='bbox 170 2103 236 2180; x_wconf 83' lang='lat' dir='ltr'>suga</span> <span class='ocrx_word' id='word_1_142' title='bbox 248 2124 285 2172; x_wconf 89' lang='lat' dir='ltr'>se,</span> <span class='ocrx_word' id='word_1_143' title='bbox 306 2105 377 2162; x_wconf 86' lang='lat' dir='ltr'>aliae</span> <span class='ocrx_word' id='word_1_144' title='bbox 391 2104 573 2164; x_wconf 86' lang='lat' dir='ltr'>occultatione</span> <span class='ocrx_word' id='word_1_145' title='bbox 586 2113 734 2165; x_wconf 79' lang='lat' dir='ltr'>tutantur:</span> <span class='ocrx_word' id='word_1_146' title='bbox 755 2106 905 2164; x_wconf 85' lang='lat' dir='ltr'>stramenti</span> <span class='ocrx_word' id='word_1_147' title='bbox 926 2106 996 2164; x_wconf 84' lang='lat' dir='ltr'>effu-</span> 
     </span>
     <span class='ocr_line' id='line_1_22' title="bbox 169 2183 997 2264; baseline 0.006 -24"><span class='ocrx_word' id='word_1_148' title='bbox 169 2183 245 2243; x_wconf 89' lang='lat' dir='ltr'>sione</span> <span class='ocrx_word' id='word_1_149' title='bbox 265 2186 364 2262; x_wconf 88' lang='lat' dir='ltr'>sepiae,</span> <span class='ocrx_word' id='word_1_150' title='bbox 389 2195 498 2264; x_wconf 84' lang='lat' dir='ltr'>torpore</span> <span class='ocrx_word' id='word_1_151' title='bbox 520 2187 696 2264; x_wconf 86' lang='lat' dir='ltr'>torpedines;</span> <span class='ocrx_word' id='word_1_152' title='bbox 718 2188 824 2245; x_wconf 87' lang='lat' dir='ltr'>multae</span> <span class='ocrx_word' id='word_1_153' title='bbox 845 2186 931 2245; x_wconf 88' lang='lat' dir='ltr'>etiam</span> <span class='ocrx_word' id='word_1_154' title='bbox 951 2187 997 2245; x_wconf 89' lang='lat' dir='ltr'>in-</span> 
     </span>
     <span class='ocr_line' id='line_1_23' title="bbox 168 2266 910 2345; baseline 0.004 -22"><span class='ocrx_word' id='word_1_155' title='bbox 168 2274 304 2324; x_wconf 83' lang='lat' dir='ltr'>sectantes</span> <span class='ocrx_word' id='word_1_156' title='bbox 316 2266 406 2325; x_wconf 88' lang='lat' dir='ltr'>odoris</span> <span class='ocrx_word' id='word_1_157' title='bbox 419 2266 585 2325; x_wconf 79' lang='lat' dir='ltr'>intolerabili</span> <span class='ocrx_word' id='word_1_158' title='bbox 599 2267 729 2334; x_wconf 72' lang='lat' dir='ltr'>foedimte</span> <span class='ocrx_word' id='word_1_159' title='bbox 743 2268 894 2345; x_wconf 87' lang='lat' dir='ltr'>depellunt.</span> <span class='ocrx_word' id='word_1_160' title='bbox 907 2276 910 2279; x_wconf 81' lang='grc'><strong><em>’</em></strong></span> 
     </span>
    </p>

    <p class='ocr_par' dir='ltr' id='par_1_6' title="bbox 166 2346 996 3152">
     <span class='ocr_line' id='line_1_24' title="bbox 211 2346 996 2427; baseline 0.008 -24"><span class='ocrx_word' id='word_1_161' title='bbox 211 2346 261 2403; x_wconf 86' lang='lat' dir='ltr'>LI.</span> <span class='ocrx_word' id='word_1_162' title='bbox 284 2347 328 2404; x_wconf 88' lang='lat' dir='ltr'>Ut</span> <span class='ocrx_word' id='word_1_163' title='bbox 338 2367 403 2405; x_wconf 87' lang='lat' dir='ltr'>vero</span> <span class='ocrx_word' id='word_1_164' title='bbox 413 2357 562 2424; x_wconf 87' lang='lat' dir='ltr'>perpetuus</span> <span class='ocrx_word' id='word_1_165' title='bbox 572 2349 671 2406; x_wconf 87' lang='lat' dir='ltr'>mundi</span> <span class='ocrx_word' id='word_1_166' title='bbox 681 2363 750 2408; x_wconf 85' lang='lat' dir='ltr'>asset</span> <span class='ocrx_word' id='word_1_167' title='bbox 759 2360 882 2416; x_wconf 78' lang='lat' dir='ltr'>umatus,</span> <span class='ocrx_word' id='word_1_168' title='bbox 894 2370 996 2427; x_wconf 89' lang='lat' dir='ltr'>magna</span> 
     </span>
     <span class='ocr_line' id='line_1_25' title="bbox 167 2426 993 2507; baseline 0.008 -25"><span class='ocrx_word' id='word_1_169' title='bbox 167 2426 375 2484; x_wconf 83' lang='lat' dir='ltr'>adhibitacura</span> <span class='ocrx_word' id='word_1_170' title='bbox 388 2437 428 2485; x_wconf 84' lang='lat' dir='ltr'>est</span> <span class='ocrx_word' id='word_1_171' title='bbox 438 2427 640 2505; x_wconf 85' lang='lat' dir='ltr'>aprovidentia</span> <span class='ocrx_word' id='word_1_172' title='bbox 649 2428 773 2498; x_wconf 86' lang='lat' dir='ltr'>deorum,</span> <span class='ocrx_word' id='word_1_173' title='bbox 789 2442 821 2487; x_wconf 88' lang='lat' dir='ltr'>ut</span> <span class='ocrx_word' id='word_1_174' title='bbox 835 2450 943 2507; x_wconf 88' lang='lat' dir='ltr'>semper</span> <span class='ocrx_word' id='word_1_175' title='bbox 950 2451 993 2489; x_wconf 91' lang='lat' dir='ltr'>es-</span> 
     </span>
     <span class='ocr_line' id='line_1_26' title="bbox 168 2507 995 2587; baseline 0.007 -24"><span class='ocrx_word' id='word_1_176' title='bbox 168 2514 231 2563; x_wconf 92' lang='lat' dir='ltr'>sent</span> <span class='ocrx_word' id='word_1_177' title='bbox 251 2515 280 2564; x_wconf 91' lang='lat' dir='ltr'>et</span> <span class='ocrx_word' id='word_1_178' title='bbox 301 2507 451 2565; x_wconf 88' lang='lat' dir='ltr'>bestiarum</span> <span class='ocrx_word' id='word_1_179' title='bbox 473 2512 581 2584; x_wconf 80' lang='lat' dir='ltr'>genem,</span> <span class='ocrx_word' id='word_1_180' title='bbox 604 2522 632 2568; x_wconf 89' lang='lat' dir='ltr'>et</span> <span class='ocrx_word' id='word_1_181' title='bbox 652 2511 790 2581; x_wconf 88' lang='lat' dir='ltr'>arborum,</span> <span class='ocrx_word' id='word_1_182' title='bbox 812 2511 995 2587; x_wconf 89' lang='lat' dir='ltr'>omniumque</span> 
     </span>
     <span class='ocr_line' id='line_1_27' title="bbox 168 2587 993 2670; baseline 0.01 -27"><span class='ocrx_word' id='word_1_183' title='bbox 168 2606 272 2655; x_wconf 82' lang='lat' dir='ltr'>rerum,</span> <span class='ocrx_word' id='word_1_184' title='bbox 286 2606 358 2663; x_wconf 88' lang='lat' dir='ltr'>quas</span> <span class='ocrx_word' id='word_1_185' title='bbox 370 2587 444 2645; x_wconf 82' lang='lat' dir='ltr'>altae</span> <span class='ocrx_word' id='word_1_186' title='bbox 457 2599 507 2647; x_wconf 89' lang='lat' dir='ltr'>aut</span> <span class='ocrx_word' id='word_1_187' title='bbox 520 2589 658 2649; x_wconf 88' lang='lat' dir='ltr'>radicibus</span> <span class='ocrx_word' id='word_1_188' title='bbox 670 2610 689 2649; x_wconf 88' lang='lat' dir='ltr'>a</span> <span class='ocrx_word' id='word_1_189' title='bbox 702 2599 783 2662; x_wconf 80' lang='lat' dir='ltr'>terra,</span> <span class='ocrx_word' id='word_1_190' title='bbox 797 2602 848 2651; x_wconf 87' lang='lat' dir='ltr'>aut</span> <span class='ocrx_word' id='word_1_191' title='bbox 862 2593 993 2670; x_wconf 85' lang='lat' dir='ltr'>stirpibus</span> 
     </span>
     <span class='ocr_line' id='line_1_28' title="bbox 168 2668 993 2746; baseline 0.008 -22"><span class='ocrx_word' id='word_1_192' title='bbox 168 2668 383 2738; x_wconf 81' lang='lat' dir='ltr'>continerentur,</span> <span class='ocrx_word' id='word_1_193' title='bbox 405 2689 477 2745; x_wconf 89' lang='lat' dir='ltr'>quae</span> <span class='ocrx_word' id='word_1_194' title='bbox 490 2669 605 2746; x_wconf 88' lang='lat' dir='ltr'>quidem</span> <span class='ocrx_word' id='word_1_195' title='bbox 623 2672 718 2732; x_wconf 89' lang='lat' dir='ltr'>omnia</span> <span class='ocrx_word' id='word_1_196' title='bbox 730 2692 792 2731; x_wconf 88' lang='lat' dir='ltr'>eam</span> <span class='ocrx_word' id='word_1_197' title='bbox 807 2674 866 2733; x_wconf 89' lang='lat' dir='ltr'>vim</span> <span class='ocrx_word' id='word_1_198' title='bbox 880 2673 993 2733; x_wconf 87' lang='lat' dir='ltr'>seminis</span> 
     </span>
     <span class='ocr_line' id='line_1_29' title="bbox 167 2748 992 2831; baseline 0.01 -26"><span class='ocrx_word' id='word_1_199' title='bbox 167 2748 272 2806; x_wconf 87' lang='lat' dir='ltr'>habent</span> <span class='ocrx_word' id='word_1_200' title='bbox 286 2748 314 2806; x_wconf 91' lang='lat' dir='ltr'>in</span> <span class='ocrx_word' id='word_1_201' title='bbox 331 2770 369 2815; x_wconf 92' lang='lat' dir='ltr'>se,</span> <span class='ocrx_word' id='word_1_202' title='bbox 388 2761 422 2809; x_wconf 92' lang='lat' dir='ltr'>ut</span> <span class='ocrx_word' id='word_1_203' title='bbox 435 2770 471 2808; x_wconf 83' lang='lat' dir='ltr'>ex</span> <span class='ocrx_word' id='word_1_204' title='bbox 485 2771 541 2809; x_wconf 92' lang='lat' dir='ltr'>uno</span> <span class='ocrx_word' id='word_1_205' title='bbox 554 2752 636 2830; x_wconf 91' lang='lat' dir='ltr'>plura</span> <span class='ocrx_word' id='word_1_206' title='bbox 648 2762 828 2831; x_wconf 89' lang='lat' dir='ltr'>generentur:</span> <span class='ocrx_word' id='word_1_207' title='bbox 851 2754 935 2831; x_wconf 89' lang='lat' dir='ltr'>idque</span> <span class='ocrx_word' id='word_1_208' title='bbox 950 2774 992 2813; x_wconf 91' lang='lat' dir='ltr'>se-</span> 
     </span>
     <span class='ocr_line' id='line_1_30' title="bbox 167 2828 991 2912; baseline 0.007 -24"><span class='ocrx_word' id='word_1_209' title='bbox 167 2847 233 2888; x_wconf 87' lang='lat' dir='ltr'>men</span> <span class='ocrx_word' id='word_1_210' title='bbox 247 2828 386 2888; x_wconf 90' lang='lat' dir='ltr'>inclusum</span> <span class='ocrx_word' id='word_1_211' title='bbox 400 2832 484 2889; x_wconf 91' lang='lat' dir='ltr'>estin</span> <span class='ocrx_word' id='word_1_212' title='bbox 500 2832 602 2892; x_wconf 87' lang='lat' dir='ltr'>intima</span> <span class='ocrx_word' id='word_1_213' title='bbox 621 2843 700 2912; x_wconf 86' lang='lat' dir='ltr'>parte</span> <span class='ocrx_word' id='word_1_214' title='bbox 719 2838 815 2893; x_wconf 77' lang='lat' dir='ltr'>aarum</span> <span class='ocrx_word' id='word_1_215' title='bbox 836 2836 991 2906; x_wconf 82' lang='lat' dir='ltr'>baccarum,</span> 
     </span>
     <span class='ocr_line' id='line_1_31' title="bbox 166 2913 993 2992; baseline 0.004 -25"><span class='ocrx_word' id='word_1_216' title='bbox 166 2927 239 2985; x_wconf 89' lang='lat' dir='ltr'>quae</span> <span class='ocrx_word' id='word_1_217' title='bbox 251 2929 288 2967; x_wconf 89' lang='lat' dir='ltr'>ex</span> <span class='ocrx_word' id='word_1_218' title='bbox 301 2930 410 2987; x_wconf 87' lang='lat' dir='ltr'>quaque</span> <span class='ocrx_word' id='word_1_219' title='bbox 424 2913 508 2990; x_wconf 84' lang='lat' dir='ltr'>stirpe</span> <span class='ocrx_word' id='word_1_220' title='bbox 517 2913 691 2973; x_wconf 82' lang='lat' dir='ltr'>funduntur:</span> <span class='ocrx_word' id='word_1_221' title='bbox 713 2915 866 2992; x_wconf 81' lang='lat' dir='ltr'>iisdemque</span> <span class='ocrx_word' id='word_1_222' title='bbox 876 2916 993 2974; x_wconf 86' lang='lat' dir='ltr'>semini.</span> 
     </span>
     <span class='ocr_line' id='line_1_32' title="bbox 166 2990 992 3075; baseline 0.01 -28"><span class='ocrx_word' id='word_1_223' title='bbox 166 2990 219 3048; x_wconf 88' lang='lat' dir='ltr'>bus</span> <span class='ocrx_word' id='word_1_224' title='bbox 233 2998 262 3047; x_wconf 92' lang='lat' dir='ltr'>et</span> <span class='ocrx_word' id='word_1_225' title='bbox 275 2990 401 3050; x_wconf 87' lang='lat' dir='ltr'>homines</span> <span class='ocrx_word' id='word_1_226' title='bbox 413 2993 521 3052; x_wconf 83' lang='lat' dir='ltr'>affatim</span> <span class='ocrx_word' id='word_1_227' title='bbox 535 3004 696 3063; x_wconf 84' lang='lat' dir='ltr'>vescuntur,</span> <span class='ocrx_word' id='word_1_228' title='bbox 717 3006 746 3054; x_wconf 87' lang='lat' dir='ltr'>et</span> <span class='ocrx_word' id='word_1_229' title='bbox 765 3005 854 3057; x_wconf 85' lang='lat' dir='ltr'>terrae</span> <span class='ocrx_word' id='word_1_230' title='bbox 867 2996 992 3075; x_wconf 85' lang='lat' dir='ltr'>ejusdem</span> 
     </span>
     <span class='ocr_line' id='line_1_33' title="bbox 166 3070 798 3152; baseline 0.008 -25"><span class='ocrx_word' id='word_1_231' title='bbox 166 3070 272 3147; x_wconf 85' lang='lat' dir='ltr'>generis</span> <span class='ocrx_word' id='word_1_232' title='bbox 285 3072 414 3150; x_wconf 83' lang='lat' dir='ltr'>stirpium</span> <span class='ocrx_word' id='word_1_233' title='bbox 427 3075 604 3132; x_wconf 88' lang='lat' dir='ltr'>renovatione</span> <span class='ocrx_word' id='word_1_234' title='bbox 617 3076 798 3152; x_wconf 86' lang='lat' dir='ltr'>complentur.</span> 
     </span>
    </p>

    <p class='ocr_par' dir='ltr' id='par_1_7' title="bbox 161 3150 1028 3319">
     <span class='ocr_line' id='line_1_34' title="bbox 207 3150 1001 3231; baseline 0 -22"><span class='ocrx_word' id='word_1_235' title='bbox 207 3150 282 3218; x_wconf 85' lang='lat' dir='ltr'>Quid</span> <span class='ocrx_word' id='word_1_236' title='bbox 295 3152 400 3229; x_wconf 86' lang='lat' dir='ltr'>loquar,</span> <span class='ocrx_word' id='word_1_237' title='bbox 421 3164 528 3230; x_wconf 88' lang='lat' dir='ltr'>quanta</span> <span class='ocrx_word' id='word_1_238' title='bbox 540 3155 611 3213; x_wconf 87' lang='lat' dir='ltr'>ratio</span> <span class='ocrx_word' id='word_1_239' title='bbox 625 3156 656 3213; x_wconf 91' lang='lat' dir='ltr'>in</span> <span class='ocrx_word' id='word_1_240' title='bbox 668 3156 767 3214; x_wconf 84' lang='lat' dir='ltr'>hestiis</span> <span class='ocrx_word' id='word_1_241' title='bbox 777 3156 818 3215; x_wconf 77' lang='lat' dir='ltr'>ud</span> <span class='ocrx_word' id='word_1_242' title='bbox 828 3164 1001 3231; x_wconf 54' lang='lat' dir='ltr'>prquam</span> 
     </span>
     <span class='ocr_line' id='line_1_35' title="bbox 161 3229 1028 3319; baseline 0.014 -32"><span class='ocrx_word' id='word_1_243' title='bbox 161 3233 398 3293; x_wconf 79' lang='lat' dir='ltr'>muservationem</span> <span class='ocrx_word' id='word_1_244' title='bbox 412 3255 513 3296; x_wconf 79' lang='lat' dir='ltr'>smum</span> <span class='ocrx_word' id='word_1_245' title='bbox 528 3237 641 3319; x_wconf 84' lang='lat' dir='ltr'>generis</span> <span class='ocrx_word' id='word_1_246' title='bbox 653 3240 814 3318; x_wconf 72' lang='lat' dir='ltr'>sppareatt</span> <span class='ocrx_word' id='word_1_247' title='bbox 857 3229 1028 3298; x_wconf 50' lang='lat' dir='ltr'>umqu-</span> 
     </span>
    </p>

    <p class='ocr_par' dir='ltr' id='par_1_8' title="bbox 148 3307 1058 3452">
     <span class='ocr_line' id='line_1_36' title="bbox 148 3307 1058 3394; baseline -0.003 -19"><span class='ocrx_word' id='word_1_248' title='bbox 148 3326 232 3386; x_wconf 60' lang='grc' dir='ltr'>ὤμω</span> <span class='ocrx_word' id='word_1_249' title='bbox 246 3313 321 3376; x_wconf 82' lang='lat' dir='ltr'>aliae</span> <span class='ocrx_word' id='word_1_250' title='bbox 333 3335 443 3394; x_wconf 81' lang='lat' dir='ltr'>mares,</span> <span class='ocrx_word' id='word_1_251' title='bbox 466 3321 544 3384; x_wconf 86' lang='lat' dir='ltr'>aliae</span> <span class='ocrx_word' id='word_1_252' title='bbox 557 3320 714 3384; x_wconf 73' lang='lat' dir='ltr'>loevnvnae</span> <span class='ocrx_word' id='word_1_253' title='bbox 724 3325 822 3380; x_wconf 57' lang='lat' dir='ltr'>sunt»,</span> <span class='ocrx_word' id='word_1_254' title='bbox 843 3307 933 3385; x_wconf 55' lang='lat' dir='ltr'>quon</span> <span class='ocrx_word' id='word_1_255' title='bbox 943 3314 1058 3373; x_wconf 48' lang='lat' dir='ltr'>W?-</span> 
     </span>
     <span class='ocr_line' id='line_1_37' title="bbox 814 3413 837 3452; baseline 0 0"><span class='ocrx_word' id='word_1_256' title='bbox 814 3413 837 3452; x_wconf 71' lang='lat' dir='ltr'>a</span> 
     </span>
    </p>
   </div>
   <div class='ocr_carea' id='block_1_3' title="bbox 0 0 1188 3817">
    <p class='ocr_par' dir='ltr' id='par_1_9' title="bbox 0 0 1188 3817">
     <span class='ocr_line' id='line_1_38' title="bbox 0 0 1188 3817; baseline 0 4"><span class='ocrx_word' id='word_1_257' title='bbox 0 0 1188 3817; x_wconf 95' lang='lat' dir='ltr'> </span> 
     </span>
    </p>
   </div>
  </div>
 </body>
</html>
