2367 3817
189 470 255 522 Gar.
268 470 360 521 23-24.
404 493 410 505 ¹
431 471 479 519 DE
494 468 651 519 NATURA
666 465 835 519 DEORUM.
984 469 1016 527 27

188 585 270 652 citur,
285 584 392 661 effingis
400 594 484 661 atque
494 584 605 660 efficis)
618 601 688 659 quae
698 582 821 659 primum
835 580 928 640 nullae
939 591 1014 640 suut.

189 664 269 721 Nihil
284 674 326 723 est
339 665 425 732 enim,
440 665 514 741 quod
525 674 604 721 vacet
613 683 735 741 corpore:
752 662 907 739 corporibus
917 671 1012 720 autem

186 745 276 803 omnis
297 745 437 804 obsidetur
449 747 536 806 locus:
566 745 607 803 ita
625 744 737 801 nullum
752 743 842 809 inane,
870 743 942 800 nihil
956 763 1014 801 essc

186 825 365 883 individuum
379 837 477 902 potest.

185 919 193 948 ·-’
226 905 343 964 XXIV.
366 908 443 965 Haec
457 928 510 983 ego
519 923 594 964 nunc
605 906 781 982 physicorum
791 903 899 961 oracula
908 902 1009 962 fundo:

185 1006 261 1053 vera,
276 1007 314 1044 an
321 987 398 1054 falsa,
413 989 520 1045 nescio:
542 986 590 1043 sed
605 986 662 1043 veri
678 996 771 1043 tamen
784 984 916 1041 similiora
926 1004 1011 1059 quam
1038 991 1041 995 '

185 1077 286 1125 vestra.
329 1068 388 1125 lsta
402 1068 477 1125 enim
487 1068 594 1145 flagitia
606 1065 766 1132 Democriti,
782 1064 839 1121 sive
850 1063 936 1121 etiam
945 1075 1010 1123 ante

185 1146 329 1224 Leucippi,
341 1168 399 1207 esse
409 1149 568 1226 corpuscula
578 1146 715 1225 quaedam
728 1146 825 1212 laevia,
840 1144 895 1202 alia
904 1164 1008 1221 aspera,

183 1229 303 1286 rotunda
311 1229 375 1296 alia,
385 1230 486 1307 partim
496 1240 591 1288 autem
600 1229 740 1306 angulata,
750 1236 864 1284 curvata
872 1226 1008 1301 quaedam

183 1318 212 1366 et
226 1310 305 1385 quasi
318 1310 444 1368 adunca:
468 1331 502 1368 ex
515 1311 559 1367 his
573 1310 702 1367 effectum
724 1328 781 1365 esse
802 1307 909 1365 coelum
923 1316 1007 1383 atque

183 1398 295 1456 terram,
316 1391 395 1449 nulla
408 1402 520 1468 cogente
534 1401 644 1459 natura,
665 1390 712 1447 sed
733 1408 874 1446 concursu
886 1388 1007 1462 quodam

182 1470 305 1543 fortuito.
347 1473 429 1530 Hanc
443 1482 476 1530 tu
497 1472 664 1549 opinionem,
686 1472 718 1527 C.
733 1468 834 1536 Vellei,
862 1487 950 1542 usque
971 1468 1007 1526 ad

181 1550 253 1609 hanc
274 1560 394 1610 aetatem
415 1552 589 1629 perduxisti;
618 1552 749 1627 priusque
763 1559 791 1605 te
804 1548 866 1623 quis
880 1546 914 1604 de
928 1548 1004 1606 omni

181 1630 257 1688 vitae
267 1641 353 1701 statu,
368 1652 453 1707 quam
464 1632 498 1690 de
508 1633 562 1691 ista
571 1632 735 1690 auctoritate
746 1628 883 1705 dejecerit.
928 1628 1004 1686 Ante

182 1710 258 1767 enim
261 1711 403 1788 judicasti,
416 1713 584 1790 Epicureum
599 1721 627 1769 te
641 1731 697 1769 esse
706 1720 836 1788 oportere,
852 1729 937 1785 quam
951 1709 1005 1767 ista

181 1791 341 1868 cognovisti.
384 1794 430 1851 lta
442 1812 550 1850 necesse
563 1794 617 1851 fuit
638 1801 687 1850 aut
701 1792 768 1849 baec
787 1790 894 1867 flagitia
914 1790 1002 1850 conci·

179 1892 244 1949 pere
257 1872 360 1941 animo,
382 1884 431 1932 aut
446 1883 587 1951 susceptae
601 1872 903 1951 philosophiaenomen
917 1872 1014 1931 amit-·

178 1962 245 2011 tere.
287 1951 363 2020 Quid
376 1955 452 2013 enim
467 1975 579 2022 mareas,
595 1963 628 2012 ut
638 1954 790 2031 Epicureus
803 1972 860 2011 esse
871 1954 1001 2013 desinas?

180 2033 263 2091 Nihil
277 2035 416 2111 equidem,
431 2036 533 2112 inquis,
548 2045 581 2093 ut
596 2036 730 2093 rationem
743 2034 817 2091 vitae
830 2036 936 2102 beatae,
952 2054 1002 2091 ve.

178 2114 347 2191 ritatemque
358 2116 490 2174 deseram.
533 2117 591 2173 Ista
605 2115 741 2191 igiturest
753 2115 853 2172 veritas
864 2117 876 2170 ἓ
921 2114 1001 2171 Nam

177 2194 211 2252 de
226 2196 285 2253 vita
298 2198 379 2255 beata
390 2197 613 2273 nihilrepugn03
635 2216 719 2273 quam
734 2204 767 2253 tu
777 2215 813 2252 ne
823 2195 852 2252 in
867 2196 926 2253 Deo
937 2196 1000 2270 qui-

177 2274 241 2334 dem
262 2296 319 2335 esse
340 2298 441 2346 censes,
462 2277 517 2335 nisi
530 2278 611 2355 plane
625 2277 681 2335 otio
694 2277 833 2353 langueat.
875 2276 930 2333 Sed
951 2276 999 2333 ubi

176 2366 218 2414 est
229 2358 351 2415 veritas?
368 2358 397 2415 in
406 2358 529 2425 mundis,
541 2356 629 2425 credo,
641 2356 898 2423 innumerabilibus,
909 2356 1000 2414 omni·
1036 2422 1038 2425 Α

175 2438 228 2495 bus
236 2437 362 2494 minimis
370 2447 527 2514 temporum
538 2437 658 2513 punctis,
673 2438 735 2493 aliis
742 2437 927 2504 nascentibus,
938 2436 1000 2494 aliis

175 2516 350 2576 cadentibus:
365 2537 401 2575 an
410 2517 440 2574 in
450 2516 602 2574 individuis
611 2516 786 2593 corpusculis,
797 2523 856 2573 tam
864 2516 1002 2592 praeclara

174 2609 264 2675 opera,
286 2599 364 2657 nulla
377 2597 537 2656 moderante
549 2607 660 2665 natura,
674 2595 752 2655 nulla
765 2596 879 2664 ratione,
893 2592 1001 2675 singen.

173 2679 266 2738 tibus?
282 2680 337 2738 Sed
347 2681 449 2739 oblitus
460 2678 633 2737 liberalitatis
643 2698 731 2748 meae,
746 2697 802 2754 qua
812 2678 904 2736 tecum
918 2678 998 2755 paulo

171 2769 237 2818 ante
252 2761 295 2819 uti
309 2780 460 2839 coeperam,
473 2760 553 2837 plura
560 2759 735 2837 complector.
774 2758 932 2818 vConcedam
946 2760 998 2838 igi-

172 2850 228 2908 tur,
250 2861 285 2898 ex
300 2842 451 2900 individuis
472 2850 595 2900 constare
616 2839 718 2898 omnia.
760 2839 836 2907 Quid
855 2840 891 2899 ad
911 2843 994 2900 rem?

170 2920 295 2979 Deorum
306 2923 381 2980 enim
393 2932 495 2981 natura
507 2921 658 2999 quaeritur.

211 3003 276 3061 Sint
290 3024 355 3062 sane
369 3024 404 3062 ex
417 3004 527 3061 atomis.
570 3003 600 3060 N
603 3023 637 3060 on
656 3001 742 3078 igitur
760 3000 874 3061 aeterni.
917 3000 998 3066 Quod

171 3084 247 3141 enim
261 3104 297 3141 ex
311 3084 411 3143 atomis
426 3084 471 3153 sit,
494 3083 524 3142 id
537 3091 637 3141 natum
652 3082 799 3158 aliquando
814 3084 860 3140 sit.
900 3082 934 3137 Si
944 3100 998 3135 na-

170 3176 244 3233 tum,
259 3165 329 3223 nulli
345 3165 383 3223 dii
396 3174 463 3223 ante
476 3184 563 3243 quam
576 3162 651 3224 nati.
691 3163 748 3233 Et,
760 3163 788 3221 si
800 3166 940 3220 usioses
949 3155 1022 3205 uso·

160 3263 235 3310 rum,
256 3244 390 3305 interitus
403 3246 443 3306 sit
464 3268 580 3308 necesse
604 3256 662 3316 est,
688 3254 725 3305 ut
747 3253 789 3302 m
805 3238 902 3318 paulo
914 3236 991 3283 ante
1008 3220 1051 3270 ue

147 3320 601 3414 Platonismundodisputabas.
637 3310 920 3408 obliquitatum
928 3304 1079 3357 aarum
