2367 3817
178 451 316 511 Cantha
432 448 480 500 DE
501 449 667 510 NATURA,
679 450 848 503 DEORUM.
965 453 1011 504 tcl

148 551 160 570 ⁸
221 564 344 642 Optime,
359 563 451 641 inquit
463 566 554 624 Cotta
590 568 699 643 Itaque,
711 566 843 643 quoniam
852 573 973 643 quatuor
981 566 1011 626 in

179 656 271 723 partes
282 656 372 705 totam
385 647 575 722 quaestionem
589 647 719 717 divisisti,
734 648 768 705 de
782 647 927 724 primaque
936 646 1012 706 dixi-

179 746 253 795 mus,
269 727 472 785 consideremus
487 727 655 786 secundum:
682 747 753 804 quse
767 729 838 785 mihi
853 729 917 787 talis
931 728 1010 787 vide·

180 817 227 866 tur
239 808 333 877 fuisse,
355 818 388 866 ut
401 828 467 865 cum
481 808 623 867 ostendere
637 809 731 876 velles,
745 809 841 885 quales
855 809 895 867 dii
909 819 1009 877 essent,

179 889 334 947 ostenderes
354 889 445 947 nullos
465 910 532 947 esse.
574 892 602 949 A
624 889 822 948 consuetudine
844 891 919 947 enirn
935 910 1011 948 ocu.

178 970 270 1028 lorum
284 971 415 1027 animum
428 971 564 1029 abducere
578 971 778 1029 difficillimum
799 970 925 1027 dicebas:
950 972 1008 1039 sed,

136 1083 141 1090 ·
178 1070 243 1109 cum
256 1051 307 1110 deo
321 1051 392 1108 nihil
405 1053 590 1127 praestantius
601 1062 681 1121 esset,
697 1071 751 1110 nou
764 1051 920 1119 dubitabas,
939 1051 1008 1127 quin

176 1132 300 1191 mundus
314 1142 385 1190 esset
395 1132 473 1201 deus,
488 1153 543 1208 quo
557 1133 629 1190 nihil
644 1134 672 1190 in
688 1152 780 1191 rerum
794 1141 895 1190 nutura
906 1132 1008 1193 melius

177 1223 248 1273 esset
261 1236 269 1282 ;
292 1212 375 1271 modo
388 1232 530 1291 possemus
543 1234 609 1272 euru
623 1214 796 1272 animantem
812 1214 939 1290 cogitare,
962 1214 1007 1271 vel

176 1294 278 1369 potius,
295 1305 327 1354 ut
341 1306 447 1353 caetera
462 1295 557 1364 oculis,
573 1296 611 1353 sic
626 1295 719 1353 auimo
730 1294 782 1353 hoc
796 1314 915 1352 cernere.
950 1294 1006 1351 Sed

177 1394 242 1432 eum
256 1377 362 1434 mundo
375 1381 458 1453 negas
472 1377 629 1453 quidquam
643 1395 700 1435 esse
714 1376 826 1442 melius,
847 1376 916 1450 quid
937 1374 1006 1432 dicis

177 1460 197 1486 “
211 1457 352 1514 melius''?
375 1457 398 1513 si
412 1458 564 1533 pulchrius,
578 1456 729 1513 assentior:
752 1456 776 1513 si
790 1455 882 1531 aptius
896 1454 932 1513 nd
946 1456 1003 1513 uti-

175 1533 269 1593 litates
289 1545 406 1602 nostras,
434 1537 464 1593 id
483 1557 594 1612 quoque
614 1537 766 1594 assentior:
796 1536 956 1593 sinautem
977 1535 1006 1593 id

177 1614 255 1684 dicis,
280 1616 353 1673 nihil
368 1636 425 1673 esse
439 1617 545 1675 mundo
559 1616 720 1693 sapientius,
741 1615 818 1673 nullo
832 1616 914 1673 modo
928 1636 1006 1693 pror-

176 1716 223 1753 sus
233 1696 387 1765 assentior;
409 1715 464 1755 non
479 1697 553 1772 quod
567 1697 680 1755 difficile
693 1698 729 1755 sit
739 1706 863 1755 mentem
872 1698 908 1754 ab
920 1697 1006 1755 oculis

176 1797 320 1835 sevocare:
342 1778 390 1835 sed
404 1798 459 1853 quo
473 1779 561 1855 magis
575 1798 679 1847 sevoco,
706 1798 737 1836 eo
757 1777 851 1836 minus
871 1776 911 1847 id,
932 1776 1006 1854 quod

175 1859 276 1928 turis,
297 1877 410 1935 possum
426 1870 521 1928 mente
535 1859 774 1937 comprehendere.
894 1916 896 1920 .

218 1939 276 1996 1X;
296 1940 378 1998 Nihil
392 1950 434 1998 est
448 1940 554 1999 mundo
568 1941 669 1999 melius
678 1941 706 1998 in
723 1961 816 2000 rerum
828 1950 948 1999 natura:
969 1960 1006 1999 no

175 2021 205 2079 in
219 2021 299 2078 terris
312 2021 426 2097 quidem
441 2022 508 2079 urbe
521 2032 624 2080 nostra.
668 2022 750 2079 Num
764 2022 850 2099 igitur
860 2021 959 2079 idcirco
974 2021 1004 2079 iu

175 2103 243 2159 urbe
263 2121 321 2159 esse
341 2103 487 2172 rationein,
515 2102 721 2179 cogitationem,
749 2112 874 2161 mentem
895 2104 1002 2179 putas?

174 2193 233 2251 aut,
255 2184 388 2259 quoniam
401 2184 518 2254 nonsit,
539 2204 610 2242 num
630 2184 730 2243 idcirco
751 2183 894 2243 erdstimas
907 2183 1003 2241 formi-

175 2284 235 2322 cam
249 2265 471 2341 anteponendam
482 2285 540 2324 esse
549 2266 616 2323 huic
626 2265 827 2343 pulcherrimae
841 2263 912 2332 urbi,
928 2264 1003 2341 quod

174 2345 203 2401 in
218 2347 285 2403 urhe
299 2365 394 2403 sensus
405 2346 554 2414 sitnullus‚
568 2346 786 2406 inforrnica'non
798 2346 880 2404 modo
896 2365 1013 2415 sensus,

174 2425 320 2484 sedetiam
342 2445 430 2492 mens,
459 2426 538 2494 ratio,
560 2427 716 2486 memoria?
761 2428 864 2486 Videre
885 2438 1001 2504 oportet,

174 2507 270 2575 Balbe,
291 2506 360 2583 quid
370 2507 422 2565 tibi
436 2508 610 2576 concedatur,
632 2527 688 2567 non
702 2517 731 2566 te
741 2507 843 2587 ipsum,
865 2506 939 2585 quod
953 2528 1003 2566 ve·

176 2588 221 2656 lis,
243 2606 361 2647 sumere.
948 2658 949 2662 ἵ

215 2670 308 2727 Istum
322 2669 397 2727 enim
411 2668 503 2727 locum
518 2678 611 2728 totum
632 2669 681 2729 illa
695 2679 776 2729 vetus
796 2669 918 2730 Zenonis
938 2670 1001 2729 bre·

152 2749 226 2817 ·vis,
247 2761 286 2817 et,
307 2762 341 2809 ut
362 2750 413 2808 tibi
429 2750 584 2819 videbatur,
609 2762 691 2811 acuta
705 2751 845 2827 conclusio·
861 2751 1000 2811 dilatavit.

173 2831 249 2890 Zeno
260 2830 382 2889 enimita
389 2832 539 2891 concludit:
556 2838 576 2864 “
587 2831 778 2900 Quudratione
785 2832 883 2902 utitur,
897 2832 998 2892 melius

173 2920 224 2979 est,
247 2931 332 2988 quam
347 2912 386 2977 id,
407 2912 482 2987 quod
495 2911 600 2971 ratione
614 2934 670 2972 non
686 2914 794 2971 utitur:
817 2915 889 2973 nihil
902 2924 999 2973 autem

173 2993 406 3051 mundomelius:
430 2992 533 3052 ratione
543 2993 628 3072 igitur
641 2993 764 3053 mundus
776 2995 893 3054 utitur.'’
936 2996 998 3051 Hoc

172 3075 195 3133 si
210 3076 310 3151 placet,
327 3075 391 3151 jam
404 3073 516 3142 efficies,
537 3074 661 3134 mundus
675 3075 778 3152 optime
792 3076 895 3133 librum
910 3075 999 3151 legero

173 3156 310 3214 videatur.
352 3154 1010 3234 Zenonisenimvestigiishocmsdsrat‘mnem

162 3238 269 3312 poteris
297 3236 471 3297 concludere.
524 3236 614 3308 Quod
637 3238 798 3298 literatum
826 3242 885 3294 ests
906 3228 966 3315 §Q
991 3233 1041 3276 Ν·

153 3317 268 3386 melius,
293 3339 383 3394 quam
398 3321 480 3399 quod
494 3341 557 3385 nou
572 3332 623 3383 est
637 3319 828 3403 literatum.
854 3302 944 3363 alluh
957 3303 1057 3353 auten
