2367 3817
175 467 243 518 Car.
256 466 349 517 21-22.
416 464 466 516 DE
479 464 638 516 NATURA
650 461 822 518 DEORUM.
966 465 998 515 23

176 575 251 634 idem
261 574 351 644 modo,
373 596 438 635 cum
457 586 486 636 te
500 576 637 645 audirem,
657 575 807 644 accidebat,
828 583 861 633 ut
881 573 996 634 moleste

175 656 284 727 ferrem,
300 666 413 715 tantum
426 657 570 735 ingenium
579 656 673 729 (bona
686 657 768 715 venia
781 675 826 714 me
839 653 950 730 audies)
965 656 995 713 in

174 746 233 794 tam
247 735 331 805 leves,
352 758 388 795 ne
401 737 492 796 dicam
506 738 536 796 in
550 747 609 795 tam
619 737 734 814 ineptas,
756 736 906 794 sententias
926 735 997 793 inci.

173 815 253 876 disse
289 818 351 876 Nec
359 838 408 895 ego
417 838 492 877 nunc
501 818 559 896 ipse
567 816 797 894 aliquid'afferam
811 816 920 876 melius.
953 817 996 874 Ut

172 898 249 955 enim
262 898 345 956 modo
358 898 427 966 dixi,
447 900 577 957 omnibus
597 898 652 957 lere
668 898 698 955 in
719 899 810 965 rebus,
832 905 856 955 et
874 898 997 954 maxime

171 978 202 1035 iu
215 978 347 1055 physicis,
355 977 430 1055 quid
443 999 499 1038 non
511 980 559 1054 sit,
575 978 667 1048 citius,
678 998 764 1055 quam
774 976 843 1054 quid
856 976 903 1045 sit,
917 977 996 1035 dixe-

171 1078 236 1115 nm.

213 1138 315 1198 XXII.
338 1141 427 1218 noges
441 1159 496 1206 me,
517 1139 586 1215 quid
600 1149 650 1199 aut
664 1139 746 1216 qualo
766 1136 802 1196 sit
816 1137 884 1199 deus
897 1159 906 1206 ;
928 1158 994 1197 auc·

169 1228 230 1278 tore
250 1228 314 1279 utar
334 1219 495 1279 Simonide:
523 1221 557 1278 dc
577 1241 632 1297 quo
654 1220 923 1296 oum-quaesivisset
943 1220 994 1278 hoc

169 1300 245 1359 idem
266 1309 401 1379 tyrannus
423 1302 518 1371 Hiem,
540 1301 709 1360 deliberandi
730 1300 884 1360 causasibi
906 1320 995 1358 unum

168 1380 244 1442 diem
258 1383 418 1459 postulavit.
459 1383 533 1442 Cum
547 1382 623 1440 idem
637 1402 717 1440 exeo
737 1381 868 1459 postridie
882 1400 995 1459 quaere-

167 1462 353 1529 ret,:biduum
366 1463 477 1541 petivit.
518 1463 592 1521 Cum
606 1463 714 1539 saepius
728 1462 880 1539 duplicaret
894 1481 994 1520 nume-

165 1563 232 1602 rum
240 1542 358 1613 dierum,
370 1544 565 1619 admiransque
576 1543 663 1602 Hiero
672 1542 831 1619 requireret,
843 1562 894 1600 cur
904 1543 944 1600 ita
953 1541 996 1600 fa-

168 1635 253 1683 ceret:
264 1631 282 1657 ‘⁴
287 1624 363 1701 qnia,
373 1626 505 1701 quanto,”
510 1623 611 1700 inquit,
626 1623 758 1682 “diutius
763 1623 911 1691 considero,
917 1632 995 1681 tanto

168 1704 585 1764 mihiresvideturobscurior.”
621 1704 677 1762 Sed
687 1703 859 1763 Simonidem
868 1704 993 1771 arbitror,

165 1786 240 1858 (non
253 1784 328 1843 enim
342 1788 425 1863 poeta
439 1784 530 1842 solum
544 1785 646 1854 suavis,
663 1804 760 1844 verum
774 1785 859 1844 etiam
874 1794 993 1843 caetero·

164 1867 216 1943 'qui
230 1867 334 1935 doctus,
356 1865 519 1944 sapiensque
532 1865 667 1943 traditur)
681 1866 748 1943 qnia
761 1866 852 1925 multa
866 1865 991 1924 venirent

166 1948 196 2005 in
209 1958 334 2007 mentem
353 1955 437 2005 acuta
456 1956 541 2023 atque
565 1947 689 2017 subtilia,
711 1947 897 2016 dubitantem,
923 1946 991 2022 quid

165 2048 261 2087 eorum
282 2037 353 2087 esset
373 2026 559 2097 verissimum,
585 2028 740 2106 desperasse
761 2047 874 2087 omnem
888 2027 991 2086 verita-

161 2119 232 2166 ¹hen).

206 2190 342 2269 Epicurus
362 2210 426 2248 vero
446 2198 514 2247 tuus
532 2188 615 2259 (nam
636 2209 700 2248 cum
721 2190 769 2250 illo
788 2188 863 2249 malo
879 2187 988 2257 dissere,

164 2291 249 2347 quam
263 2272 372 2347 tecum)
387 2269 455 2345 quid
467 2269 543 2337 dicit,
567 2270 641 2345 quod
655 2290 711 2328 non
721 2270 803 2330 modo
816 2269 989 2348 philosophia

163 2351 279 2429 dignum
294 2361 375 2420 esset,
397 2350 444 2409 sed
457 2348 587 2408 mediocri
602 2349 772 2427 prudentia?

204 2432 354 2498 Quaeritur
373 2429 499 2507 primum
518 2430 549 2487 in
569 2431 781 2506 eaquaestione,
802 2450 872 2507 quae
893 2439 934 2487 est
955 2429 989 2488 de

161 2521 264 2570 natura
277 2511 400 2579 deorum,
424 2508 514 2567 sintne
535 2508 583 2577 dii,
609 2529 694 2567 neone
708 2511 771 2568 sint.
813 2509 933 2568 Difficile
947 2518 988 2568 est

161 2612 262 2671 negare
267 2614 276 2662 ;
292 2591 380 2661 credo,
395 2590 418 2649 si
430 2591 458 2648 in
470 2589 597 2648 concione
611 2599 760 2667 quaeratur
764 2612 774 2662 ;
789 2590 836 2650 sed
847 2591 876 2648 in
887 2589 987 2669 hujus.

161 2674 237 2738 modi
251 2692 385 2742 sermone,
408 2683 436 2731 et
450 2690 587 2741 consessu,
600 2670 774 2732 facillimum.
816 2672 916 2749 Itaque
937 2692 985 2751 ego

160 2755 221 2833 ipse
233 2754 368 2833 pontifex,
389 2753 438 2831 qui
452 2752 636 2813 caeremonias
649 2753 846 2832 religionesque
861 2754 985 2832 publicas

156 2835 332 2895 'sanctissime
351 2835 470 2895 tuendas
491 2834 616 2904 arbitmr,
639 2834 665 2892 is
685 2835 745 2903 hoo,
767 2836 839 2912 quod
860 2836 984 2913 primum

157 2927 211 2986 est,
234 2936 291 2974 esse
304 2914 377 2986 deos,
397 2916 554 2994 persuaderi
574 2914 647 2974 mihi
666 2935 723 2975 non
744 2916 870 2995 opinione
882 2916 984 2983 solum,

159 2997 207 3058 sed
218 2998 303 3061 etiam
312 2997 348 3056 ad
357 2998 503 3057 veritatem
516 2998 598 3075 plane
609 2996 704 3055 velim.
745 2997 840 3056 Multa
850 2996 925 3054 enim
937 3017 983 3055 oc-

160 3088 284 3147 currunt,
306 3098 377 3155 quae
388 3079 561 3146 conturbent,
581 3077 766 3137 utinterdum
787 3077 858 3144 nulli
870 3077 981 3133 esseni-

159 3159 286 3219 deantur.
328 3158 383 3217 Sed
405 3159 477 3230 vide,
500 3178 589 3237 quam
608 3170 711 3217 tecum
726 3158 817 3235 apum
826 3152 1008 3237 impransos:

158 3238 234 3307 Quae
247 3240 410 3302 eommunia
423 3252 494 3303 sunt
507 3240 592 3302 vohis
607 3262 678 3302 oum
700 3235 827 3298 caeteras
842 3218 1037 3302 phhossh‘ffi

143 3338 200 3379 ”⁰¹¹
214 3322 371 3402 aufugam,
381 3345 383 3350 ’
395 3336 429 3388 ut
444 3327 503 3390 hoc
525 3326 658 3407 ipsum3
675 3322 785 3402 placet
805 3310 899 3367 edam
914 3287 1069 3348 amm
