2367 3817
272 305 319 364 ret,
346 304 397 365 est,
423 304 519 354 utrum
541 296 612 354 nihil
633 306 727 373 agant,
748 297 819 353 nihil
839 317 873 354 m·

278 376 418 434 curatione
431 385 460 434 et
473 375 712 434 administratione
725 397 818 435 rerum
833 397 873 435 va

271 477 281 514 r
294 458 330 514 ab
343 456 387 514 his
400 465 429 515 et
442 477 460 514 a
472 456 607 534 principio
625 457 720 515 omnia
732 457 805 515 facta
818 465 846 515 et
860 477 872 515 c

270 546 294 595 et
309 536 345 594 ad
356 537 500 595 infinitum
514 545 625 615 tempus
639 547 770 614 regantur
782 547 866 614 atque

284 619 319 675 ln
339 618 491 695 primisque
504 637 607 696 magna
627 617 757 676 dissensio
772 628 835 687 est;
857 639 871 676 e

269 698 362 767 icatur,
387 699 417 757 in
443 718 553 758 summo
576 718 664 757 errore
688 718 796 757 necesse
820 708 862 758 est

283 780 312 837 in
326 780 514 839 maximarum
528 800 622 837 rerum
636 779 805 856 ignoratione
819 800 869 837 ven

289 860 363 919 Sunt
377 861 452 919 enim
466 860 632 939 philosophi,
657 869 685 919 et
697 858 821 929 fuerunt,
836 881 869 937 qu

267 961 294 998 m
308 941 409 999 habere
423 951 564 999 censerent
576 942 764 1000 humanarum
778 962 868 999 rerum

267 1042 288 1078 n
310 1021 383 1079 deos.
426 1020 552 1086 Quorum
576 1022 599 1078 si
621 1041 686 1078 vera
706 1021 842 1078 sententia
863 1043 867 1075 i

266 1110 275 1159 t
295 1121 353 1160 esse
374 1100 485 1180 pietas?
514 1120 586 1177 quae
610 1100 765 1159 sanctitas?
796 1120 866 1176 quae

284 1182 359 1240 enim
381 1181 475 1241 omnia
495 1200 563 1259 pure
583 1201 615 1239 ac
636 1189 709 1239 ceste
730 1180 866 1238 tribuendi

265 1262 295 1321 ni
305 1263 351 1321 ita
365 1270 440 1331 sunt,
457 1262 479 1320 si
494 1261 758 1320 animadvertuntur
770 1264 806 1319 ab
820 1261 865 1331 his¹

264 1343 381 1401 idadiis
390 1342 594 1401 immortalibus
602 1342 751 1402 hominum
759 1342 865 1419 generi*

263 1432 346 1482 ,utem
367 1421 406 1481 dii
427 1442 478 1480 nec
495 1433 611 1500 possunt
631 1442 681 1481 nos
697 1422 806 1500 juvare,
829 1442 863 1479 ne

264 1504 361 1564 mnino
381 1512 497 1571 curant3
518 1522 578 1571 nec,
601 1502 668 1580 quid
689 1522 813 1580 agamus,
835 1522 864 1560 ar

262 1608 271 1655 ;
293 1606 344 1643 nec
357 1584 487 1661 estquod
507 1586 542 1642 ab
562 1583 607 1642 his
627 1583 664 1642 ad
683 1581 830 1643 hominum
846 1603 864 1639 v
