2367 3817
279 285 307 333 et
321 297 383 335 eum
397 279 512 355 quidem
525 280 658 337 sonetum
672 288 700 337 et
715 279 850 346 divinem,
874 278 925 336 enit

278 358 384 416 bemus.
427 359 544 416 “Unde
557 360 633 417 enim
647 360 719 418 hene
731 362 816 418 homo
835 359 926 437 erripu

279 436 353 514 apud
368 439 582 518 Xenophontem
597 439 730 499 Socrates.
771 439 847 508 Quin
860 449 889 498 ot
903 440 926 497 h·

278 519 405 590 uelorem,
426 522 475 598 qui
490 530 532 579 est
544 519 623 579 fusus
636 521 665 578 in
679 518 798 599 corpere,
819 529 848 578 et
861 530 928 578 terre

277 600 413 660 viseerum
427 602 606 671 soliditatem,
626 602 755 660 animum
775 601 896 678 denique
914 601 929 660 i

275 682 361 741 bilem
375 683 475 761 siquis
489 693 603 762 quaeret
619 683 692 740 unde
705 684 851 750 hebemus,
874 702 929 760 epp

275 763 352 821 eliud
365 784 383 822 e
396 774 469 822 terre
482 764 661 843 sumpsimus,
682 762 760 822 aliud
772 765 809 821 eb
821 764 930 822 humen

276 844 348 920 igne,
363 843 439 903 eliud
453 847 489 903 eb
502 849 565 904 eise
578 865 619 914 eo,
635 863 719 922 quem
733 844 832 922 spiritu
847 843 931 903 duoin

318 925 388 982 Vll.
411 925 486 984 Illud
499 936 606 996 eutem,
621 925 695 1002 quod
708 925 795 984 vineit
810 925 932 983 haecum

276 1023 340 1062 nem
355 1005 424 1073 dieo,
439 1015 467 1063 et
481 1005 504 1064 si
517 1007 607 1083 plseet
622 1006 749 1084 pluribus
764 1006 863 1074 verbis,
878 1025 933 1064 mes

277 1085 378 1154 silium,
408 1086 612 1163 cogitationem,
636 1085 823 1163 prudentiam,
846 1087 895 1145 ubi
916 1086 935 1143 i1

277 1166 348 1225 unde
362 1167 549 1225 sustulimus?
593 1168 640 1226 An
655 1177 762 1226 oeetesu
774 1167 898 1226 mundus
911 1167 935 1224 ln

278 1248 330 1316 nie,
345 1249 396 1305 hoo
411 1267 510 1320 unum,
524 1248 599 1326 quod
612 1249 726 1327 plurimi
739 1258 791 1317 est,
805 1249 936 1307 nonhabe

280 1327 321 1405 {ui
336 1329 487 1386 certenihil
496 1330 624 1387 omnium
632 1349 726 1388 rerum
736 1329 837 1387 melius
848 1338 890 1387 est
899 1348 937 1386 sni

280 1409 472 1477 omestsbilius,
482 1410 552 1468 nihil
563 1409 724 1488 pulchrius:
745 1429 796 1468 nee
806 1410 896 1468 solum
907 1409 936 1467 ni

281 1511 308 1548 se
322 1489 433 1568 cogitari
448 1491 562 1567 quidem
576 1490 730 1568 quidquam
742 1490 845 1548 melius
864 1499 938 1568 petes

282 1571 378 1630 atione
392 1582 420 1632 et
435 1573 569 1652 sapientie
582 1572 654 1630 nihil
667 1581 711 1631 est
722 1572 833 1639 melius,
853 1590 939 1662 neuen
