2367 3817
287 266 357 324 dum
371 275 400 325 et
414 267 537 343 igneum,
563 270 652 323 cietur
671 274 700 323 et
719 274 812 343 agitur
831 278 912 323 motu

287 354 383 404 autem
396 346 482 404 alitur
494 355 523 404 et
537 346 643 413 crescit,
664 354 744 404 motu
757 345 878 423 quodam
893 347 933 405 uti

286 427 444 503 aequabili·
466 425 515 503 qui
536 425 673 503 quamdiu
692 436 818 485 remanet
839 427 869 485 in
892 447 928 485 no

287 527 383 566 aeneus
397 515 426 567 et
437 507 497 567 vita
509 515 654 576 remanet;
675 507 832 585 refrigerato
845 517 932 566 auten

287 588 385 657 calore,
400 588 574 648 occidimuei
596 588 618 646 si
633 599 662 648 et
677 588 877 665 extinguimur.

328 669 409 737 Quod
423 609 619 765 quidamlllea
618 670 701 729 nthes
714 668 758 727 hie
771 669 858 727 etiam
877 689 931 747 argi

287 760 340 820 cet,
362 760 469 828 quanta
482 750 524 809 via
539 750 606 809 insit
620 749 743 809 caloris
736 769 766 807 m
787 750 864 808 omni
885 769 930 808 eor

287 831 363 890 enim
377 832 469 891 ullum
483 850 541 890 esee
561 831 655 890 eibum
678 840 739 889 tam
758 849 881 907 gravem,
907 852 930 908 q

287 921 367 971 noete
381 922 566 989 concoquetur
578 933 586 969 ε
609 912 690 991 eujus
703 910 788 969 etiam
804 910 834 969 in
848 910 929 988 reliqt

287 993 329 1052 lor
341 991 385 1060 iia,
400 1011 469 1069 quaa
483 999 584 1050 natura
597 992 740 1069 respuerit.
780 992 848 1050 Jam
862 1011 926 1050 vero

287 1073 372 1131 teriae
386 1072 488 1130 micare
500 1091 556 1131 non
570 1071 711 1141 desinunt,
733 1072 813 1148 quani
826 1073 928 1149 quodm

275 1164 342 1226 ¹tu:
363 1152 644 1231 animadversumque
658 1172 738 1231 saepe
751 1161 803 1221 eat,
829 1173 895 1211 eum
909 1173 928 1210 n

287 1235 405 1312 alicujus
419 1234 548 1293 evulsum
562 1234 603 1292 ita
616 1234 756 1293 mobiliter
768 1233 926 1312 palpitaret,

288 1327 336 1373 tur
359 1316 470 1391 igneam
494 1314 672 1373 celeritatem.
714 1314 806 1373 Omne
826 1313 921 1392 igitur,

288 1395 347 1454 aive
360 1394 475 1463 animal,
490 1394 548 1453 aive
563 1403 636 1455 terra
648 1394 767 1463 editum,
783 1395 812 1454 id
822 1393 926 1472 vivitp

289 1496 352 1535 sum
366 1476 396 1534 in
410 1495 442 1534 eo
456 1475 596 1535 calorem.¹
624 1476 739 1553 Exque
753 1475 871 1553 intelligi
884 1475 926 1533 del

289 1557 354 1617 loris
367 1566 498 1617 naturam
513 1556 572 1616 vim
592 1556 738 1616 haberem
751 1576 780 1615 ee
796 1556 911 1615 vitalem

290 1638 427 1671 .......1l..-.
443 1658 477 1671 m·
463 1639 512 1673 nint
515 1647 582 1675 ami·
584 1657 628 1675 nm
