2367 3817
172 477 237 526 css.
251 478 293 533 ss,
308 478 348 524 ss.
396 473 445 522 ns
466 472 626 523 uacuas
645 462 812 521 nunaunt.
956 465 1002 523 tro

212 587 362 646 XXXIII.
384 587 426 645 At
437 584 513 644 dedit
524 606 633 663 poenas
675 586 818 645 Prohiberi
832 586 933 645 melius
947 586 1001 644 suit

171 668 365 746 impedirique,
389 686 426 725 ne
438 676 481 725 tot
495 685 620 724 summos
634 665 706 724 viros
724 666 899 735 interficeret,
915 686 1002 743 quam

171 748 264 827 ipsum
277 748 427 825 aliquando
441 766 541 825 poesim
554 746 629 805 dare.
670 746 789 805 Summo
801 748 924 807 cruciatu
933 767 1001 826 sup-

170 829 307 907 plicioque
321 830 356 897 Q.
371 827 485 898 Varius,
506 827 590 886 homo
611 827 875 904 importunissimus,
897 830 979 907 periit
991 851 1005 890 ε,

171 910 205 978 si,
220 911 287 987 quia
301 910 427 968 Drusum
440 908 510 967 ferro
525 907 675 965 Metellum
690 903 805 977 veneno,
829 910 1000 978 sustulerat:

171 990 233 1049 illos
246 990 400 1049 conservari
414 989 515 1047 melius
528 988 592 1055 fuit,
607 1007 693 1064 quam
707 1008 807 1066 poenas
821 989 928 1047 sceleris
938 989 997 1049 Va-

171 1069 246 1130 rium
260 1071 386 1149 pendera
429 1067 712 1144 Duodequadraginta
736 1068 888 1147 Dionysius
900 1079 1001 1147 tyram·

171 1169 226 1210 nus
235 1172 322 1211 annos
334 1150 390 1210 suit
404 1148 630 1228 opulentissimae
641 1157 669 1205 et
680 1149 855 1209 beatissimae
868 1151 1000 1210 civitatis}

172 1231 266 1298 Quam
279 1232 382 1291 multos
396 1240 462 1289 ante
475 1230 560 1298 huuc,
575 1228 605 1286 in
615 1229 674 1306 ipso
684 1229 813 1289 Graeciae
823 1232 899 1301 flora,
914 1232 1000 1290 Pisis.

171 1313 280 1371 tratur!
303 1312 345 1372 At
360 1309 494 1381 Phalaris,
508 1319 538 1370 at
553 1309 746 1388 Apollodorus,
760 1331 861 1389 poenas
874 1312 999 1371 sustulit.

171 1393 272 1452 Multis
286 1393 401 1469 quidem
421 1401 486 1451 ante
507 1390 636 1449 cruciatis
659 1401 689 1448 et'
703 1392 818 1450 necatis.
860 1392 898 1451 Et
919 1412 1000 1471 prae.¹

171 1472 256 1532 dones
268 1473 353 1532 multi
367 1492 447 1550 saepe
460 1491 561 1550 peenas
575 1470 661 1530 dant:
682 1491 732 1530 nec
747 1483 840 1529 tamen
852 1492 999 1550 possumus

171 1552 271 1623 dicere,
291 1575 346 1613 non
361 1554 453 1631 plures
467 1552 590 1630 captivos
603 1553 708 1621 acerbe,
729 1572 815 1630 quarn
839 1555 998 1631 praedones,

170 1644 290 1694 necatos.
332 1634 533 1694 Arraxarchum
558 1631 766 1690 Democriteum
789 1654 807 1692 a
827 1635 930 1712 Cyprio
950 1646 998 1714 ty-

170 1734 257 1774 ranno
270 1715 495 1774 excarnificatum
509 1712 683 1789 accepimus:
707 1714 848 1772 Zenonem
871 1715 954 1776 Eleae
968 1721 997 1776 in

170 1796 317 1855 tormentis
335 1805 476 1855 necatum.
518 1792 595 1859 Quid
608 1794 698 1853 dicem
714 1794 748 1852 de
761 1795 895 1855 Socrate?
918 1800 998 1877 cujus

170 1875 256 1934 morti
274 1877 441 1954 illacrymari
462 1875 543 1943 soleo,
566 1874 711 1933 Platonem
732 1874 833 1953 legens.
874 1875 998 1937 Videsne

170 1956 265 2033 igitur,
280 1957 394 2026 deorum
404 1957 521 2036 judicio,
536 1956 559 2014 si
573 1955 670 2014 rident
683 1975 726 2013 res
740 1956 887 2026 humanas,
901 1958 997 2017 discri-

169 2055 235 2095 men
249 2057 307 2096 esse
321 2038 484 2097 sublatum?
990 2073 995 2080 ·

210 2117 359 2177 XXXIV.
380 2118 516 2196 Diogenes
535 2118 649 2195 quidem
671 2117 794 2192 Cynicus
818 2117 907 2178 dicere
928 2122 997 2179 sole·

170 2199 228 2269 bat,
246 2199 412 2278 Harpalum,
434 2199 483 2276 qui
498 2200 669 2277 temporibus
684 2198 738 2256 illis
752 2199 852 2277 praedo
865 2199 932 2259 felix
946 2203 997 2260 ha:

168 2280 295 2350 bebatur,
312 2290 407 2341 contra
420 2282 485 2340 deos
497 2280 691 2338 testimonium
705 2279 803 2349 dicere,
817 2281 892 2357 quod
905 2281 934 2340 in
949 2282 997 2342 illa

169 2358 280 2420 fortuna
303 2361 433 2421 tamdiu
447 2361 562 2418 viveret.
605 2359 756 2437 Dionysius
781 2359 829 2432 (de
850 2379 905 2438 quo
930 2373 997 2421 ants

168 2439 254 2519 dixi),
279 2461 344 2500 cum
368 2442 466 2502 fanum
491 2441 667 2517 Proserpinae
692 2440 784 2499 Locris
808 2437 1009 2518 expilavisset,

167 2521 317 2601 navigabat
338 2523 504 2601 Syracusas:
528 2522 606 2597 isque
620 2541 685 2579 cum
700 2521 897 2581 secundissimo
911 2533 996 2584 vento

167 2620 279 2669 cursum
290 2612 406 2673 teneret,
420 2604 523 2671 ridens,
539 2608 559 2633 “
569 2602 744 2674 Videtisne,''
754 2602 856 2677 inquit,
872 2605 994 2676 “smiet

167 2702 253 2761 quam
273 2685 346 2744 bona
359 2704 377 2743 a
390 2684 453 2744 Diis
473 2683 678 2743 immortalibus
698 2682 838 2759 navigatio
859 2686 995 2765 sacrilegas

166 2762 291 2823 detur?''
332 2764 430 2842 Atque
449 2765 533 2823 homo
553 2772 662 2831 acutus,
684 2782 749 2821 cum
769 2763 838 2822 bene
858 2765 995 2846 planeque

165 2845 338 2923 percepisset,
362 2846 398 2910 in
415 2845 512 2904 eadem
536 2844 674 2903 sententia
697 2847 906 2922 perseverabat:
932 2849 1012 2926 qui,¹

166 2944 230 2983 cum
251 2925 286 2984 ad
308 2926 525 3006 Peloponnesum
547 2927 662 2985 classem
682 2925 842 3002 appulisset,
865 2936 893 2985 et
907 2929 936 2986 in
951 2930 993 2989 fe.

165 3024 235 3064 num
264 3006 383 3066 venisset
410 3007 490 3067 Jovis
515 3005 651 3083 Olympii,
680 3024 797 3064 aureum
823 3007 848 3064 ei
872 3006 993 3069 detraxit

163 3086 328 3157 amiculum,
354 3087 451 3165 pandi
475 3085 604 3165 pondere,
625 3106 680 3164 quo
701 3086 803 3146 Jovem
827 3097 936 3146 ornarat
957 3109 993 3149 ex

163 3167 304 3226 manubiis
324 3167 598 3247 Carthaginiensium
618 3176 758 3246 tyrannus
776 3167 855 3224 Gelo.
900 3169 998 3241 staua

157 3246 188 3304 in
203 3267 235 3305 eo
249 3248 336 3310 etiarn
351 3250 505 3314 multtatus
519 3260 575 3325 est,
598 3258 713 3313 aestate
725 3265 814 3329 pase
824 3263 890 3301 essa
898 3259 1028 3298 saxeas

804 3342 833 3379 i
1014 3415 1028 3524 r
