2367 3817
313 677 316 683 ·
366 663 408 722 nr.
430 660 573 721 runnu
594 657 812 719 orossoms
875 737 878 742 1

566 860 604 898 DE

296 1030 559 1129 urruns
601 1030 888 1113 osorton,
970 975 996 1068 ’ἶ

396 1230 477 1289 'AD
500 1228 748 1299 marturum,

419 1403 530 1455 LIBER
547 1405 750 1456 SECUNDUS.
825 1439 832 1450 ,

211 1594 235 1651 Ι.
257 1594 346 1661 Quis
360 1614 424 1653 cum
439 1594 523 1654 Cotta
542 1595 668 1664 dixisset,
688 1605 752 1654 tum
777 1593 908 1659 Velleius,
932 1594 996 1654 Nae

169 1695 228 1754 ego,
243 1676 346 1752 inquit,
360 1674 499 1742 incautus,
513 1676 563 1751 qui
576 1695 643 1733 oum
657 1675 834 1743 Academico,
856 1684 885 1734 et
899 1674 995 1733 eodem

168 1757 278 1814 rhetore
291 1753 418 1833 congredi
432 1764 546 1814 conatiu
559 1775 633 1814 sum.
649 1783 653 1788 ·
675 1756 755 1814 Nam
768 1776 859 1832 nsque
879 1754 995 1814 indiser-

168 1847 232 1895 tum
244 1834 444 1893 Aesilemicum
455 1836 671 1913 pertimuissem,
681 1856 732 1895 nec
741 1836 801 1898 sine
810 1838 865 1898 ista
875 1836 994 1915 philoso-

166 1917 235 1996 phia
258 1916 406 1986 rhetorem,
432 1917 564 1993 quamvis
585 1918 781 1995 eloquentem:
805 1938 896 1994 neque
918 1917 994 1976 enim

166 1998 285 2057 flumine
298 1998 446 2057 conturbor
458 1997 585 2058 inanium
600 2001 758 2067 verborum,
775 2018 825 2057 nec
840 1998 994 2057 subtilitate

167 2078 417 2147 sententiarum,si
437 2079 568 2138 onstionis
591 2089 634 2137 est
658 2080 773 2137 siccitas.
817 2080 862 2137 Tu
886 2089 994 2147 autem,

167 2160 259 2229 Cotto,
274 2170 393 2236 utraque
405 2180 434 2217 re
448 2158 561 2218 valuisti
574 2177 582 2214 ε
605 2179 703 2219 corona
715 2159 777 2229 tibi,
786 2169 816 2218 et
824 2159 933 2237 judiees
943 2157 993 2218 de.

167 2240 288 2299 fuerunt.
309 2293 311 2298 .
331 2240 386 2318 Sed
400 2240 436 2299 ad
449 2240 503 2299 ista
513 2240 589 2300 alias.
633 2240 662 2298 N
666 2260 720 2300 unc
735 2240 886 2309 Lucilium,
903 2240 925 2298 si
940 2240 992 2317 ipsi

166 2320 342 2380 commodum
357 2329 408 2388 est,
423 2319 579 2379 audiamus.
851 2389 855 2396 1

206 2402 283 2459 Tum
307 2400 420 2469 Balbus,
445 2400 576 2458 Eundem
600 2400 729 2477 equidem
754 2401 868 2459 mallem
895 2400 991 2458 audire

165 2483 289 2548 Cottam,
315 2479 394 2549 dum,
416 2481 654 2556 qua'eloquentis
676 2480 757 2537 falsos
781 2480 845 2537 deos
866 2480 989 2548 sustulit,

165 2561 261 2619 eodem
286 2579 364 2618 veros
388 2560 521 2618 inducat:
543 2569 586 2618 est
613 2560 687 2617 enim
714 2568 744 2617 et
767 2560 931 2637 philosophi,
961 2572 989 2617 et

164 2640 311 2718 pontificis,
326 2650 355 2699 et
369 2640 477 2712 Cottae,
492 2639 526 2699 de
538 2640 592 2700 diis
605 2640 809 2700 immortalibus
823 2641 923 2699 habere
933 2660 989 2699 non

165 2732 302 2780 errantem
323 2726 475 2799 otingam,
498 2732 529 2780 ut
556 2720 727 2789 Atademioi,
753 2720 809 2790 sed,
835 2730 868 2779 ut
892 2723 987 2790 nostri,

162 2800 291 2862 stabilem
304 2812 464 2879 certamque
481 2803 661 2861 sententiam.
705 2801 781 2860 Nam
793 2811 899 2861 eontra
919 2803 990 2880 Epi.

160 2901 262 2941 eurum
276 2883 343 2942 satis
356 2902 492 2960 superque
505 2882 614 2942 dictum
634 2894 684 2941 est.
727 2882 783 2941 Sed
800 2903 868 2942 aveo
882 2884 987 2953 audire,

161 2964 278 3041 tuipse,
294 2963 385 3032 Cotto,
400 2963 468 3040 quid
482 2963 592 3026 sentias.

205 3045 263 3112 An,
278 3043 380 3120 inquit,
395 3043 497 3101 oblitus
511 3063 549 3110 es,
560 3042 634 3119 quod
649 3043 728 3101 initio
742 3043 870 3113 dixerim,
878 3044 986 3106 facilius

160 3143 218 3193 me,
231 3123 335 3183 talibus
346 3124 556 3201 praesertim'de
568 3126 660 3193 rebus,
678 3124 747 3201 quid
767 3144 825 3182 non
843 3126 996 3185 «entheo.

158 3223 248 3281 quam
262 3204 331 3281 quid
343 3204 486 3277 sentirem,
499 3224 581 3286 posse
594 3203 710 3266 liceret
740 3201 1024 3271 amnemamnem

469 3313 484 3340 ·.
791 3300 816 3338 n
