2367 3817
165 433 338 527 (nursi-nr.¹
379 440 427 492 nn
446 437 604 492 urruns
615 438 803 535 pronum-5
961 441 994 504 ee

165 556 228 614 solis
246 552 476 631 numquidnam,
496 554 660 622 euoluere,
677 562 735 620 ‚eut
755 552 878 630 quinque
899 573 994 611 ermn-

164 636 237 696 tium
246 636 370 697 siderum
379 634 470 698 simsse
482 634 578 696 ¹vidisti
590 635 602 691 l
639 633 697 703 Sol,
706 633 814 694 duobus
825 634 910 693 unius
920 634 992 692 orbis

165 711 274 777 ultimis
289 715 412 794 partibus
422 713 556 776 definiens
566 722 687 784 motum,
702 732 796 776 cursus
806 734 912 774 annuos
926 735 992 773 con-

163 798 230 856 ficit
266 798 369 874 ¹Hujus
381 796 454 855 hanc
467 796 670 863 lustrationem,
686 795 809 873 ejusdem
820 795 934 855 incense
945 816 991 853 m-

163 879 226 947 diis,
240 888 383 936 menstruo
396 875 485 955 spatio
498 877 566 946 lune
580 876 709 953 complet.
750 875 880 953 Quinque
894 886 990 935 autem

162 960 267 1026 stellae,
288 958 408 1017 eundem
423 958 517 1015 orbem
531 965 668 1025 tenentes,
693 958 763 1015 eliae
777 957 888 1034 propius
902 977 919 1015 e
933 967 989 1015 ter-

162 1041 209 1105 ris,
238 1040 293 1097 alia
312 1038 456 1107 remotius,
481 1038 516 1096 ab
537 1038 635 1096 iisdem
657 1037 807 1114 principiis,
836 1036 990 1114 disparibus

163 1120 334 1197 temporibus
348 1119 444 1178 eedem
459 1118 715 1196 spatisconliciunt
750 1118 831 1177 Num
842 1118 910 1196 quid
924 1119 988 1185 tale,

163 1200 291 1278 Epicure,
303 1200 415 1259 vidisti?
434 1199 481 1257 Ne
491 1199 527 1257 sit
537 1199 624 1277 igitur
633 1199 682 1267 εοΙ,Ι
695 1219 729 1256 ne
739 1199 815 1270 luna,
828 1220 864 1258 ne
874 1200 986 1259 stellae:

162 1281 294 1358 quoniam
307 1281 379 1339 nihil
398 1300 456 1340 esse
475 1288 574 1359 potest,
596 1280 650 1339 nisi
671 1280 744 1357 quod
764 1280 919 1358 attigimus,
940 1291 990 1339 aut

161 1362 309 1421 vidimus(
335 1361 434 1429 Quid?
456 1361 541 1424 deum
558 1362 653 1439 ipsum
673 1380 780 1420 numne
794 1361 913 1420 vidisti?
940 1381 989 1419 cur

163 1443 251 1520 igitur
262 1444 348 1502 credis
361 1444 442 1504 esse?
466 1475 468 1479 ·
487 1443 632 1504 Tollcmus
645 1462 709 1519 ergo
721 1442 832 1510 omnia,
854 1461 925 1518 quae
938 1453 989 1500 eut

161 1524 276 1582 historie
288 1525 380 1593 nohis,
393 1532 444 1582 aut
457 1523 537 1590 ratio,
552 1522 721 1581 noveeffert.
757 1521 804 1579 lte
816 1522 862 1590 sit,
879 1531 911 1580 ut
926 1523 989 1579 lle.

160 1604 309 1662 diterrsriei
322 1624 399 1663 mare
413 1623 538 1663 essenon
560 1602 681 1662 credant.
723 1601 801 1672 Quae
815 1611 880 1661 sunt
895 1613 988 1677 tentae

162 1683 252 1742 enimi
272 1685 425 1761 angustiae,
447 1692 490 1748 ut,
512 1685 535 1742 ei
549 1682 658 1760 Seriphi
672 1692 756 1741 natus
768 1702 848 1752 esses,
870 1703 920 1741 nec
935 1705 989 1755 un.

162 1784 249 1841 quem
263 1784 384 1841 egressus
398 1784 434 1823 ex
448 1763 548 1832 insule,
574 1763 604 1819 in
619 1782 674 1839 quc
687 1762 839 1841 lepusculos
854 1766 986 1843 vulpecu-

161 1845 257 1921 lasque
270 1865 350 1924 saepe
371 1845 495 1914 vidisses,
519 1862 574 1903 non
589 1843 710 1908 crederes
723 1845 813 1910 leones
828 1856 856 1904 et
868 1847 988 1924 penthe-

160 1946 205 1984 ras
216 1946 283 1995 esse,
297 1946 361 1985 cum
375 1926 436 1995 tibi,
447 1926 542 2002 quales
551 1934 652 1994 essent,
667 1924 819 1985 diceretur:
844 1928 941 1986 sivero
953 1928 987 1984 do

160 2007 306 2085 elephanto
320 2007 383 2084 quis
397 2006 509 2075 diceret,
531 2006 617 2066 etiem
632 2006 713 2065 rideri
728 2016 757 2065 te
769 2011 901 2084 putares?

164 2114 168 2146 .-·
187 2089 320 2147 XXXII.
332 2089 371 2148 Et
381 2098 413 2148 tu
422 2087 545 2166 quidem,
559 2086 664 2157 Vellei,
674 2105 730 2146 non
742 2097 832 2147 vestro
841 2108 927 2159 more,
939 2089 986 2146 sed

160 2167 374 2237 dialecticorum,
398 2163 484 2245 (queo
498 2167 624 2226 funditus
638 2188 704 2245 gens
718 2178 810 2227 vestra
822 2189 877 2230 non
891 2171 985 2243 novit)

158 2250 316 2327 argumenti
331 2250 498 2308 sententiam
519 2248 685 2308 conclusisti.
728 2250 826 2309 Beatos
847 2270 905 2310 esse
923 2252 987 2310 deos

160 2331 312 2408 sumpsisti.
345 2330 537 2390 concedimus.
569 2331 687 2389 Rectum
702 2340 797 2390 eutem
812 2332 871 2390 sine
882 2332 987 2391 virtute

159 2412 302 2469 neminem
316 2431 374 2469 esse
387 2431 473 2488 posse.
515 2411 548 2469 ld
565 2431 675 2488 quoque
689 2411 798 2481 damur,
820 2422 848 2471 et
869 2413 987 2471 libenter

160 2491 284 2567 quidem.
326 2491 471 2550 Virtutem
484 2500 579 2550 eutem
595 2492 654 2552 sine
667 2494 772 2552 ratione
787 2502 909 2551 constare
930 2513 986 2552 nou

159 2591 245 2648 posse.
288 2572 442 2631 Conveniet
456 2572 485 2635 id
498 2587 608 2650 quoque
629 2592 736 2632 necesse
750 2583 801 2631 est.
837 2573 986 2651 Adjungis‚

158 2672 209 2710 nec
223 2653 359 2712 tutionem
373 2673 439 2722 esse,
454 2654 507 2712 nisi
521 2654 550 2711 in
560 2653 683 2714 hominis
697 2654 793 2732 figure.
830 2651 919 2720 Quem
936 2656 987 2713 tibi

159 2734 209 2793 h'oc
223 2732 356 2793 daturum
376 2737 480 2812 putes?
521 2734 645 2793 sienim
667 2735 708 2793 ite
727 2744 807 2804 esset,
831 2736 898 2812 quid
919 2757 987 2813 opus

158 2824 218 2873 eret
239 2825 267 2873 te
286 2815 422 2893 gradatim
445 2816 516 2874 istuc
536 2816 700 2893 pervenire?
748 2816 917 2893 Sumpsisses
938 2830 986 2876 tuo

153 2896 227 2972 jure.
260 2895 335 2963 Quid
344 2906 439 2955 autem
450 2906 491 2954 cst
502 2897 574 2955 istuc
584 2894 745 2973 gradatim?
781 2896 986 2974 Namabeatis

157 2976 194 3033 ed
208 2976 352 3045 virtutem,
374 2978 509 3035 avirtute
523 2977 560 3035 ed
580 2976 715 3034 rationem
738 2976 817 3035 video
832 2986 859 3033 te
881 2978 986 3035 venisse

158 3057 296 3134 gradibus.
339 3059 367 3116 A
379 3059 484 3116 ratione
495 3056 531 3115 ad
544 3058 699 3115 humanam
711 3056 828 3135 ligurem
839 3077 893 3132 quo
903 3056 986 3114 modo

156 3138 286 3197 accedis?
330 3138 513 3216 Praecipitare
527 3137 599 3195 istuc
614 3136 731 3214 quidem
739 3148 796 3206 eet,
805 3156 869 3192 non
878 3136 998 3194 dercen-

157 3218 226 3275 dere.

148 3331 160 3348 ·.
186 3298 340 3361 Necrero
361 3300 508 3384 intelligo,
541 3323 594 3366 cur
616 3300 767 3364 moluerit
792 3291 956 3368 bpxcume
979 3276 1042 3329 neo*
