2367 3817
184 433 251 482 Car.
265 433 306 489 27·
391 431 439 481 DE
459 432 616 481 NATURA
633 430 803 483 Duorum.
965 436 1012 484 139

225 545 360 603 XXVII.
382 546 444 604 Nec
459 556 554 605 temen
569 545 616 603 ille
637 546 694 623 ipse
720 555 762 605 est
787 546 1012 623 praetereundus,

182 626 233 702 qui
246 646 303 684 non
316 637 359 684 sat
374 627 473 684 habuit
487 629 632 704 conjugem
646 626 765 684 illexisse
780 626 809 683 in
821 636 963 706 stuprum:
979 628 1013 686 de

183 726 238 782 quo
252 718 325 765 recte
339 718 367 765 et
383 707 523 765 verissime
537 708 662 783 loquitur
677 706 798 765 Atreus:

284 832 301 861 “
314 828 390 886 Quod
401 846 428 877 re
439 830 465 877 in
476 844 573 878 summu
583 844 709 877 summum
720 846 775 878 esse
786 829 891 879 arbitror

317 897 452 954 Periclum‚
463 904 556 945 matres
567 896 720 959 coinquinari
732 897 830 961 regins,

316 962 487 1011 Contaminari
498 963 602 1025 stirpem
612 980 619 1020 3
637 963 767 1011 admisceri
779 962 886 1027 genus·”

182 1072 224 1131 At
233 1072 364 1212 idipsum
376 1094 462 1151 quem
471 1073 576 1142 callide,
590 1075 639 1152 qui
650 1092 767 1151 regnum
779 1072 915 1132 adulterio
926 1094 1011 1151 quee-

182 1173 241 1213 rere
266 1198 272 1211 .

214 1283 234 1311 “
246 1280 318 1329 Addo
330 1278 434 1345 (inquit)
445 1281 503 1336 huc,
516 1277 582 1342 quod
594 1277 656 1326 mihi
668 1283 782 1341 portento
793 1278 928 1328 coelestim
940 1286 1011 1343 pater

250 1346 393 1411 Prodigium
404 1348 472 1395 misit
485 1347 555 1410 regui
565 1345 707 1394 stabilimen
719 1347 777 1402 mei,

249 1414 349 1477 Agrium
359 1414 425 1461 inter
436 1414 543 1475 pecudes
555 1428 630 1460 aurea
642 1412 737 1460 clarum
749 1416 826 1460 coma'

249 1479 383 1535 Quondam
394 1479 529 1541 Thyestem
541 1480 638 1540 clepere
650 1494 739 1525 ausum
751 1493 805 1525 esse
817 1494 831 1524 e
843 1479 924 1543 regia:

246 1545 306 1602 Qua
316 1546 343 1593 in
353 1562 381 1593 re
392 1545 539 1609 adjutricem
550 1545 682 1609 conjugem
693 1545 758 1607 cepit
768 1544 843 1591 sibi.”

222 1670 379 1731 Videtume
392 1692 503 1731 summa
516 1669 694 1748 improbitate
709 1690 774 1728 usus
788 1691 843 1729 non
857 1670 916 1728 sine
931 1690 1010 1728 sum.

180 1772 300 1810 maesse
313 1753 441 1811 ratione?
486 1752 548 1809 Nec
564 1771 627 1809 vero
641 1772 722 1809 scena
735 1751 825 1809 solum
847 1751 947 1809 referta
967 1763 1008 1811 est

179 1832 225 1890 his
239 1833 391 1901 sceleribus,
408 1832 455 1891 sed
469 1832 560 1890 multo
574 1832 634 1890 vita
649 1832 804 1890 communis
817 1852 904 1910 paene
919 1834 1008 1911 majo.

178 1913 264 1973 ribus.
305 1915 397 1973 Sentit
418 1914 517 1971 domus
542 1913 769 1991 uniuscujusque,
796 1913 881 1971 sentit
906 1913 1007 1981 sorum,

178 1994 264 2052 sentit
278 1995 362 2062 curia,
377 2014 500 2071 campus,
520 1994 595 2062 socii,
617 1994 782 2071 provinciae,
805 2004 847 2063 ut,
870 1995 1007 2070 quemad-

178 2073 295 2133 modum
309 2075 415 2133 mtione
428 2085 501 2132 recte
514 2074 573 2141 fiat,
589 2075 627 2132 sic
641 2075 747 2132 ratione
768 2085 913 2152 peccetur:
936 2075 1007 2133 alte.

177 2174 298 2232 rumque
308 2156 471 2233 etapaucis,
483 2167 512 2214 et
523 2175 597 2222 rnr·0;
613 2156 742 2224 alterum,
754 2165 782 2213 et
791 2175 870 2233 saepe
880 2166 908 2213 et
917 2176 934 2213 a
942 2156 1005 2233 plu·

177 2236 271 2295 ribuar
294 2247 327 2295 ut
341 2237 428 2296 satius
439 2236 522 2295 fuerit
533 2236 639 2294 nullam
653 2237 765 2295 omnino
774 2237 939 2295 nobisediis
949 2236 1004 2294 im-

176 2318 341 2375 mortalibus
350 2316 446 2375 datam
457 2337 514 2374 esse
523 2318 667 2384 rationem,
683 2337 767 2393 quam
779 2326 931 2376 tentacum
940 2337 1003 2396 per-

150 2399 153 2404 ’
178 2397 250 2456 nicie
265 2397 369 2456 datam.
414 2398 455 2455 Ut
470 2397 568 2455 vinum
584 2399 710 2475 aegrotis,
733 2396 799 2473 quia
810 2397 919 2474 prodest
933 2418 1003 2468 raro,

176 2488 257 2537 nocet
277 2476 444 2556 saepissime,
467 2479 568 2536 melius
590 2488 631 2537 est
651 2499 707 2537 non
727 2478 857 2536 adhibere
878 2478 1000 2548 omnino,

174 2579 262 2635 quem
276 2579 323 2637 spe
337 2557 437 2617 dubiae
451 2559 548 2618 salutis
562 2560 591 2617 in
606 2570 729 2637 apertam
744 2558 893 2637 perniciem
908 2558 1001 2617 incur.

173 2660 249 2698 rere:
272 2641 320 2709 sic,
335 2639 412 2698 haud
426 2639 481 2697 scio
494 2660 531 2697 an
544 2640 645 2698 melius
659 2640 752 2708 fuerit,
769 2639 893 2699 humano
908 2640 1000 2716 generi

172 2732 283 2780 motum
294 2721 381 2779 istum
392 2720 507 2777 celerem
518 2720 699 2797 cogitationis,
711 2740 838 2790 acumen,
850 2719 998 2789 solertium,

172 2820 258 2878 quam
267 2802 402 2859 rationem
412 2820 553 2871 vocamus,
565 2802 696 2877 quoniam
707 2801 835 2879 pestifere
843 2801 878 2859 sit
890 2801 997 2872 multis,

170 2881 323 2941 admodum
337 2879 432 2959 paucis
445 2881 583 2951 saluteris,
605 2902 661 2940 non
682 2881 742 2940 dari
763 2882 885 2949 omnino,
911 2902 996 2958 quam

170 2971 231 3021 tam
244 2961 377 3020 munifice
389 2971 418 3020 et
429 2971 488 3020 tam
499 2962 573 3040 large
583 2961 651 3022 dari.
686 2961 873 3029 Quamobrem
885 2960 907 3019 si
918 2980 997 3019 mens

170 3043 355 3119 voluntasque
369 3042 466 3101 divina
478 3042 577 3103 idcirco
587 3042 726 3102 consuluit
736 3042 905 3108 hominibus,
920 3041 997 3118 quod>

168 3124 203 3182 iis
216 3124 317 3202 largita
330 3133 372 3182 est
385 3124 538 3182 rationem:
560 3124 595 3182 iis
609 3123 672 3183 solis
682 3123 830 3192 consuluit,
844 3142 913 3198 quos
923 3122 998 3184 bonu

165 3205 272 3263 ratione
286 3204 422 3265 donavit:
452 3226 522 3285 quos
535 3203 683 3276 uidemus,
704 3204 732 3263 di
747 3202 838 3261 modu
853 3200 914 3255 mix
929 3209 1018 3257 sum,

156 3302 215 3341 ⁶³⁸⁰
225 3304 394 3364 PilPflflffls·
438 3288 511 3353 Non
526 3289 628 3373 placet
640 3296 747 3356 autem
757 3271 1044 3382 paudusud'xxs'xm-
