2367 3817
159 453 227 503 Gar.
241 450 332 503 27-28.
392 450 440 499 DE
455 449 613 499 NATURA
628 448 797 499 DEORUM.
970 452 1001 503 ‹II

160 565 226 624 dem
239 569 346 644 politae,
360 564 487 642 pictores,
502 563 620 641 opifices.
663 565 732 622 Erat
747 563 822 621 enim
833 582 889 621 nou
903 564 992 634 facile,

159 656 271 724 agentes
284 645 392 721 aliquid
405 655 433 703 et
446 645 592 702 molientes
613 644 677 703 deos
698 644 728 702 in
748 644 867 704 aliarum
888 644 990 705 forma·

159 747 224 785 rum
238 726 394 786 imitatione
409 745 527 783 servare.
569 725 694 784 Accessit
708 725 794 783 etiam
823 726 877 784 ista
898 726 990 804 opinio

159 807 282 875 fortasse,
304 806 378 883 quod
391 805 500 864 homini
514 805 627 863 homine
648 805 719 863 nihil
733 806 875 883 pulchrius
896 807 991 865 videa-

160 897 215 946 tur.
258 887 313 944 Sed
327 895 361 945 tu
373 888 436 957 hoc,
457 886 580 964 physice,
603 905 659 944 non
673 886 760 954 vides,
784 906 869 963 quam
890 887 992 946 blanda

160 967 341 1033 conciliatrix,
360 976 388 1025 et
402 967 481 1043 quasi
495 966 538 1024 sui
552 966 589 1024 sit
602 966 666 1024 lena
680 973 803 1024 natura?
848 968 896 1025 An
910 976 992 1046 putas

160 1048 248 1106 ullam
263 1068 321 1105 esse
334 1057 408 1105 terra
420 1047 546 1124 marique
559 1047 693 1116 belluam,
709 1046 779 1122 quae
789 1067 844 1105 non
856 1045 899 1106 sui
910 1067 991 1125 gene-

160 1129 198 1190 ris
218 1127 311 1186 bellua
330 1127 454 1185 maxime
475 1126 649 1185 delectetur?
685 1127 765 1195 Quod
792 1128 822 1185 ni
845 1128 886 1187 ita
912 1138 992 1196 esset,

161 1230 211 1267 cur
225 1227 280 1266 non
295 1208 407 1286 gestiret
428 1218 525 1267 taurus
545 1228 632 1294 equae
653 1210 875 1278 contrectatione,
904 1229 992 1286 equus

160 1292 279 1348 vaccae?
302 1291 350 1347 An
366 1298 398 1347 tu
411 1289 545 1365 aquilam,
566 1298 616 1348 aut
630 1289 748 1358 leonem,
762 1299 812 1348 aut
826 1289 991 1369 delphinum

162 1369 392 1428 ullam-anteferre
402 1390 493 1428 censes
504 1370 622 1446 figuram
632 1371 716 1428 suae?
754 1369 830 1437 Quid
839 1370 924 1447 igitur
935 1372 991 1428 mi-

160 1470 234 1519 rum,
256 1452 279 1508 si
294 1452 345 1508 hoc
360 1451 456 1509 eodem
471 1451 553 1508 modo
569 1450 677 1508 homini
691 1460 792 1509 natura
806 1451 990 1528 praescripsit,

161 1539 194 1589 ut
207 1531 279 1588 nihil
293 1532 436 1609 pulchrius
450 1551 536 1607 quam
556 1531 701 1588 hominem
715 1540 836 1607 putaret,
859 1550 920 1589 eam
935 1551 993 1589 esse

159 1630 280 1678 causam,
295 1632 344 1669 cur
358 1611 421 1668 deos
434 1611 582 1668 hominum
594 1610 698 1668 slmiles
711 1613 896 1688 putaremus?
920 1611 994 1679 Quid

160 1710 262 1757 censes,
291 1692 314 1749 si
335 1692 404 1748 ratio
425 1700 495 1748 esset
516 1691 546 1748 in
566 1691 689 1748 belluis?
718 1711 774 1749 non
795 1712 843 1750 suo
869 1712 1003 1768 quasque.

162 1771 254 1848 generi
268 1771 422 1847 plurimum
437 1771 589 1829 tributuras
602 1770 708 1829 fuisse?
753 1816 755 1820 .
880 1776 882 1780 ’

202 1852 351 1909 XXVIII.
375 1853 416 1909 At
430 1852 586 1909 mehercule
601 1872 649 1929 ego
661 1850 766 1923 (dicam
780 1853 865 1922 enim,
882 1865 914 1912 ut
928 1874 991 1912 sen-

161 1933 216 2008 tio)
228 1933 357 2009 quamvis
368 1952 460 1990 amem
471 1933 529 2009 ipse
542 1952 597 2002 me,
613 1942 707 1992 tamen
722 1956 778 1993 non
788 1936 876 1993 audeo
891 1934 989 2001 dicere,

161 2012 346 2089 pulchriorem
367 2033 425 2071 esse
446 2034 492 2070 me
513 2034 598 2089 quam
626 2014 673 2071 ille
691 2014 783 2074 ¹fuerit
803 2025 911 2082 taurus,
942 2016 991 2090 qui

161 2094 239 2151 vexit
254 2096 403 2171 Europam.
447 2094 512 2151 Non
528 2094 603 2151 enim
619 2094 671 2153 hoo
684 2096 742 2153 loco
754 2096 787 2153 de
798 2095 924 2173 ingeniis,
940 2106 990 2153 aut

161 2174 196 2231 de
210 2176 378 2233 orationibus
391 2174 500 2244 nostris,
522 2174 570 2231 sed
584 2175 618 2233 de
639 2177 727 2253 specie
740 2176 883 2254 figuraque
905 2195 990 2252 quae·

161 2255 241 2313 ritur.
282 2255 364 2323 Quod
378 2256 401 2313 si
415 2255 517 2331 fingere
537 2255 616 2313 nobis
630 2266 658 2314 et
669 2258 786 2334 jungere
805 2255 907 2315 formas
922 2257 990 2314 veli-

161 2354 241 2393 mus:
265 2336 354 2412 qualis
367 2337 414 2393 ille
428 2336 587 2393 maritimus
602 2337 700 2396 Triton
714 2337 847 2415 pingitur,
866 2338 990 2404 natanti.

161 2415 215 2473 bus
228 2416 362 2474 invehens
376 2416 474 2473 belluis
488 2416 628 2492 adjunctis
648 2418 772 2475 humano
787 2418 899 2494 corpori,
921 2417 991 2476 nolis

162 2498 241 2553 esse?
285 2495 401 2552 Difficili
415 2495 444 2551 in
465 2495 523 2553 loco
544 2514 643 2553 versor.
686 2498 737 2554 Est
752 2497 827 2553 enim
850 2497 892 2554 vis
912 2506 991 2555 tanta

161 2583 288 2645 naturae,
304 2585 338 2633 ut
351 2576 434 2632 homo
448 2574 609 2645 nemorelit
621 2576 675 2635 nisi
685 2576 807 2634 homiuis
818 2576 916 2635 similis
927 2598 992 2636 esse.

163 2657 202 2714 Et
216 2657 328 2734 quidem
346 2656 460 2715 formica
472 2654 609 2714 formicae.
652 2658 706 2716 Sed
734 2665 829 2715 tamen
850 2660 928 2737 cujus
942 2660 993 2719 ho.

161 2736 269 2795 minis?
293 2747 394 2813 quotus
408 2737 483 2796 enim
505 2738 622 2814 quisque
643 2739 775 2797 formosus
790 2744 854 2797 est?
898 2741 988 2799 Athe-

162 2816 207 2875 nis
227 2837 292 2875 cum
312 2839 410 2888 essem,
439 2839 454 2875 e
476 2819 602 2895 gregibus
630 2820 797 2898 epheborum
821 2822 868 2878 vix
889 2822 990 2900 singuli

161 2898 375 2975 reperiebantur.
419 2899 518 2967 Video,
553 2900 621 2975 quid
648 2900 785 2959 amiseris:
821 2902 868 2959 sed
895 2912 991 2960 tamen

163 2978 204 3037 ita
217 2990 248 3036 se'
259 2999 301 3036 res
319 2980 412 3038 habet.
455 2979 563 3037 Deinde
582 2981 671 3050 nobis,
700 2982 758 3057 qui,
780 2982 991 3041 concedentibus

162 3059 331 3137 philosophis
340 3060 472 3137 antiquis,
487 3060 696 3119 adolescentulis
710 3062 889 3131 delectamur,
904 3061 990 3117 etiam

162 3139 233 3198 vitia
246 3160 324 3217 saepe
332 3141 461 3217 jucunda
476 3151 550 3199 sunt.
595 3141 714 3200 Naerus
732 3143 768 3199 in
778 3142 902 3199 ardema
917 3137 1008 3208 uxr-six

162 3219 279 3278 delectat
292 3222 439 3282 Alcaeum.
485 3222 530 3282 At
543 3232 588 3282 est
603 3224 729 3303 corporis
741 3220 875 3282 macana,
892 3220 1035 3283 nasses·-

147 3298 193 3354 r'lh'
202 3310 300 3358 tamen
315 3302 370 3362 hoc
382 3304 486 3366 lumen
512 3306 689 3368 videbatur.
731 3304 776 3370 Q·
788 3284 1062 3358 Qsslffi‘wiffi
