2367 3817
188 455 253 505 ess.
267 456 309 515 56,
320 452 360 506 57.
405 455 457 505 DE
472 455 627 510 *NATURA
645 455 814 512 DEORUM·
971 458 1016 506 los

187 567 351 629 necesssuius
370 576 398 626 et
423 567 498 637 facti,
521 576 549 626 et
570 567 694 628 collocati
714 576 790 627 sunt.
834 567 913 627 Nam
934 569 1015 634 oculi,

186 658 323 725 tanquam
343 649 535 728 speculatores,
558 648 727 708 altissimum
751 650 843 710 locum
869 649 1013 708 obtinent:

187 750 222 788 ex
239 750 294 806 quo
307 730 429 809 plurima
443 730 639 808 conspicientes
660 728 813 807 fungantur
826 751 875 790 suo
889 751 1013 792 munere.

187 811 226 868 Et
239 832 328 881 cures,
352 832 416 870 cum
431 831 530 869 sonum
546 810 683 888 percipere
696 809 823 880 debeant,
846 812 895 888 qui
914 822 1016 870 natura

186 891 216 949 in
237 894 356 952 sublime
379 893 476 960 sertus,
498 902 570 951 recte
590 891 621 949 in
642 891 707 950 altis
729 906 873 969 corporum
891 894 1016 969 partibus

185 972 331 1033 collocatae
344 985 419 1031 sunt.
461 974 591 1049 Itemque
604 992 693 1041 nores,
713 992 745 1030 eo
758 973 834 1048 qnod
847 973 936 1031 omnis
951 973 1016 1031 odor

185 1052 221 1112 ad
236 1074 335 1132 supeie
347 1055 444 1121 fertus,
470 1063 543 1112 secte
556 1073 667 1113 sursum
682 1063 766 1120 sunt:
789 1063 817 1112 et
830 1053 904 1131 quod
918 1054 971 1112 cibi
986 1062 1014 1111 ot

184 1135 303 1211 potionis
312 1135 453 1213 judicium
467 1154 603 1212 magnum
618 1154 715 1192 earum
729 1143 779 1201 est,
794 1154 850 1193 non
861 1134 920 1193 sine
932 1154 1013 1193 cansa

185 1216 358 1275 vicinitatem
382 1217 436 1275 oris
458 1226 567 1275 secutae
592 1223 667 1274 sunt.
709 1216 776 1274 Jam
800 1225 938 1293 gustatus,
963 1216 1012 1291 qni

183 1298 285 1356 sentire
295 1318 399 1366 eorum,
415 1298 516 1374 quibus
527 1297 674 1367 vescimur,
688 1317 788 1375 genere
795 1297 915 1366 deberet,
931 1298 1015 1356 habi·

183 1386 225 1435 tat
239 1378 269 1435 in
284 1399 316 1437 ea
329 1389 407 1456 perte
421 1380 483 1447 oris,
506 1399 563 1455 qus
575 1378 724 1438 esculentis
744 1388 772 1436 et
792 1379 944 1455 potulentis
957 1377 1010 1436 iter

182 1468 284 1517 natura
303 1460 446 1535 patefecit.¹
485 1461 589 1519 Tactus
603 1468 700 1518 sutem
714 1468 772 1518 toto
785 1478 894 1536 corpore
908 1478 1011 1534 aeque-

182 1539 275 1597 biliter
288 1540 366 1598 susus
380 1550 430 1607 est,
446 1550 479 1599 ut
493 1560 589 1598 omnes
603 1539 686 1607 ictus,
701 1559 850 1615 omnesque
865 1539 967 1597 nimios
981 1549 1008 1597 et

180 1619 287 1697 frigoris
300 1631 329 1678 et
343 1621 438 1679 caloris
451 1621 583 1698 appulsus
600 1621 701 1679 sentire
715 1620 860 1697 possimus.
902 1620 1007 1696 Atque,

180 1710 214 1758 ut
228 1701 257 1758 in
272 1701 404 1759 aedificiis
417 1700 561 1761 architecti
574 1709 706 1762 evertunt
716 1703 752 1759 ab
766 1701 851 1759 oculis
859 1710 888 1758 et
896 1701 1009 1773 naribus

180 1781 355 1840 dominorum
368 1803 410 1852 ea,
425 1803 497 1859 quae
509 1782 675 1860 profluentia
685 1782 833 1840 necessario
839 1782 907 1839 tetri
918 1792 1009 1839 essent

178 1863 285 1939 aliquid
298 1865 445 1922 habitura:
468 1865 507 1924 sic
519 1872 622 1923 natura
635 1883 677 1922 res
690 1862 794 1924 similes
804 1862 898 1941 procul
908 1882 1007 1938 emen·

179 1943 258 2003 davit
272 1966 289 2003 a
303 1946 438 2004 sensibus.

179 2059 181 2068 ·
220 2026 318 2083 LVll.
346 2026 415 2093 Quis
437 2048 501 2087 vero
522 2027 624 2104 opifex,
651 2034 760 2103 psseter
782 2036 923 2095 naturam,
952 2047 1009 2103 qua

178 2104 249 2163 nihil
264 2116 354 2183 potest
368 2128 426 2167 esse
439 2108 574 2175 callidius,
596 2117 707 2168 tentem
720 2107 859 2166 solertiam
880 2108 1007 2185 persequi

178 2187 312 2263 potuisset
326 2189 354 2247 in
370 2189 514 2248 sensibus?
551 2188 637 2255 Quae
658 2189 781 2267 primum
804 2188 895 2247 oculos
915 2209 1008 2267 mem-

178 2268 270 2327 bnsnis
283 2270 461 2329 ,tenuissimis
481 2271 597 2330 vestivit
617 2280 646 2330 et
667 2270 769 2347 sepsit:
791 2289 862 2346 ques
881 2270 1005 2349 primum

177 2349 330 2425 perlucidas
350 2351 425 2418 fecit,
446 2362 480 2410 ut
500 2372 548 2429 per
561 2372 607 2409 ess
621 2350 695 2410 cemi
708 2360 798 2426 posset
810 2373 819 2419 3
844 2350 938 2409 firmas
952 2372 1005 2410 au-

178 2439 246 2497 tem,
261 2440 301 2488 ut
315 2432 529 2490 continuentur.
572 2432 629 2492 Sed
649 2431 767 2490 lubricos
787 2431 879 2491 oculos
898 2431 963 2491 fecit
977 2443 1005 2491 ot

176 2509 302 2579 mobiles,
327 2521 360 2570 ut
382 2522 411 2570 et
433 2513 612 2581 declinarent,
635 2512 658 2572 si
679 2511 747 2588 quid
761 2522 888 2572 noceret:
911 2524 939 2571 et
953 2513 1004 2572 cd-

176 2601 312 2668 spectum,
327 2613 383 2670 quo
398 2591 509 2663 vellent,
531 2593 611 2656 facile
624 2603 823 2653 converterent.
866 2594 1003 2671 Aciesque

176 2674 247 2749 ipso,
267 2693 324 2750 qua
337 2675 486 2744 cemimus,
508 2695 579 2752 quse
591 2674 698 2753 pupula
712 2684 835 2745 vocatur,
851 2676 897 2743 ,ita
917 2696 1003 2753 parva

175 2763 228 2822 est,
248 2764 282 2815 ut
295 2776 336 2824 es,
359 2776 430 2833 quse
442 2776 537 2816 nocero
552 2757 667 2835 possint,
690 2754 862 2823 fucilenitet.
904 2758 1003 2834 Palpe-

175 2836 303 2912 bracque,
326 2857 397 2913 quae
411 2846 475 2895 sunt
489 2848 632 2915 tegmenta
651 2837 802 2907 oculorum,
825 2838 1004 2897 mollissimos

175 2925 262 2984 tactu,
278 2936 314 2973 ne
324 2918 462 2976 laederent
475 2918 573 2988 aciem,
588 2918 732 2997 aptissime
745 2918 832 2980 fectae
840 2928 869 2978 et
879 2919 914 2977 ad
926 2920 1002 2978 clau-

174 2996 278 3055 dendas
291 2998 419 3075 pupulos,
443 3020 479 3058 ne
492 3000 560 3075 quid
574 2999 716 3067 incidunt,
731 3007 760 3058 et
773 2998 1000 3078 adoperiendss:

174 3078 258 3154 idque
272 3079 402 3156 providit,
418 3090 451 3139 ut
465 3079 618 3139 identidem
629 3080 688 3142 fieri
699 3089 789 3157 posset
800 3074 864 3140 cum
875 3078 1001 3144 maxima

173 3159 322 3219 celeritate.
354 3162 537 3238 Munitaeque
547 3172 615 3220 sunt
627 3158 1009 3240 palpebmetnnqusmuslls

163 3240 306 3312 pilorum:
327 3242 442 3317 quibus,
465 3253 495 3303 et
516 3244 627 3325 apertis
640 3242 733 3306 oculis
745 3242 776 3300 si
787 3238 866 3317 qiisb
875 3232 1040 3313 'xndxnsssm

152 3319 357 3394 ¹⁰Wll⁶felur3
380 3335 409 3388 et
424 3346 532 3389 somno
549 3325 804 3392 conducamus.
822 3332 901 3377 mm
912 3296 1057 3363 mm
