<?xml version="1.0" encoding="UTF-8"?>
<!DOCTYPE html PUBLIC "-//W3C//DTD XHTML 1.0 Transitional//EN"
    "http://www.w3.org/TR/xhtml1/DTD/xhtml1-transitional.dtd">
<html xmlns="http://www.w3.org/1999/xhtml" xml:lang="en" lang="en">
 <head>
  <title>
</title>
<meta http-equiv="Content-Type" content="text/html;charset=utf-8" />
  <meta name='ocr-system' content='tesseract 3.04.00' />
  <meta name='ocr-capabilities' content='ocr_page ocr_carea ocr_par ocr_line ocrx_word'/>
</head>
<body>
  <div class='ocr_page' id='page_1' title='image "./mtulliiciceroni00schogoog_0071.png"; bbox 0 0 2367 3817; ppageno 0'>
   <div class='ocr_carea' id='block_1_1' title="bbox 204 473 1028 538">
    <p class='ocr_par' dir='ltr' id='par_1_1' title="bbox 204 473 1028 538">
     <span class='ocr_line' id='line_1_1' title="bbox 204 473 1028 538; baseline -0.001 -10"><span class='ocrx_word' id='word_1_1' title='bbox 204 479 270 528; x_wconf 71' lang='lat' dir='ltr'><strong>Car.</strong></span> <span class='ocrx_word' id='word_1_2' title='bbox 283 474 324 538; x_wconf 71' lang='lat'><strong>20,</strong></span> <span class='ocrx_word' id='word_1_3' title='bbox 332 477 374 526; x_wconf 82' lang='lat'><strong>21.</strong></span> <span class='ocrx_word' id='word_1_4' title='bbox 419 474 469 528; x_wconf 75' lang='lat' dir='ltr'><strong>DE</strong></span> <span class='ocrx_word' id='word_1_5' title='bbox 486 473 638 531; x_wconf 72' lang='lat' dir='ltr'><strong>nardus</strong></span> <span class='ocrx_word' id='word_1_6' title='bbox 656 473 826 529; x_wconf 74' lang='lat' dir='ltr'><strong>DEORUM·</strong></span> <span class='ocrx_word' id='word_1_7' title='bbox 996 476 1028 527; x_wconf 73' lang='grc'><strong>89</strong></span> 
     </span>
    </p>
   </div>
   <div class='ocr_carea' id='block_1_2' title="bbox 123 589 1051 3253">
    <p class='ocr_par' dir='ltr' id='par_1_2' title="bbox 123 589 1051 3253">
     <span class='ocr_line' id='line_1_2' title="bbox 206 589 1031 669; baseline -0.004 -20"><span class='ocrx_word' id='word_1_8' title='bbox 206 591 370 669; x_wconf 85' lang='lat' dir='ltr'><strong>plurimum,</strong></span> <span class='ocrx_word' id='word_1_9' title='bbox 386 608 450 649; x_wconf 81' lang='lat' dir='ltr'><strong>xxx</strong></span> <span class='ocrx_word' id='word_1_10' title='bbox 464 590 519 649; x_wconf 84' lang='lat' dir='ltr'><strong>fere</strong></span> <span class='ocrx_word' id='word_1_11' title='bbox 532 592 614 649; x_wconf 88' lang='lat' dir='ltr'><strong>annis</strong></span> <span class='ocrx_word' id='word_1_12' title='bbox 627 610 740 650; x_wconf 88' lang='lat' dir='ltr'><strong>cursum</strong></span> <span class='ocrx_word' id='word_1_13' title='bbox 753 606 837 651; x_wconf 87' lang='lat' dir='ltr'><strong>suum</strong></span> <span class='ocrx_word' id='word_1_14' title='bbox 852 589 977 650; x_wconf 84' lang='lat' dir='ltr'><strong>conficit:</strong></span> <span class='ocrx_word' id='word_1_15' title='bbox 1001 590 1031 647; x_wconf 92' lang='lat' dir='ltr'><strong>in</strong></span> 
     </span>
     <span class='ocr_line' id='line_1_3' title="bbox 205 670 1033 748; baseline -0.002 -18"><span class='ocrx_word' id='word_1_16' title='bbox 205 691 261 748; x_wconf 88' lang='lat' dir='ltr'><strong>quo</strong></span> <span class='ocrx_word' id='word_1_17' title='bbox 281 691 364 731; x_wconf 88' lang='lat' dir='ltr'><strong>cursu</strong></span> <span class='ocrx_word' id='word_1_18' title='bbox 384 672 477 730; x_wconf 87' lang='lat' dir='ltr'><strong>multa</strong></span> <span class='ocrx_word' id='word_1_19' title='bbox 496 670 662 731; x_wconf 88' lang='lat' dir='ltr'><strong>mirabiliter</strong></span> <span class='ocrx_word' id='word_1_20' title='bbox 675 671 811 739; x_wconf 82' lang='lat' dir='ltr'><strong>efficiens,</strong></span> <span class='ocrx_word' id='word_1_21' title='bbox 832 677 905 731; x_wconf 84' lang='lat' dir='ltr'><strong>tum&#39;</strong></span> <span class='ocrx_word' id='word_1_22' title='bbox 919 681 1033 729; x_wconf 84' lang='lat' dir='ltr'><strong>autece-</strong></span> 
     </span>
     <span class='ocr_line' id='line_1_4' title="bbox 204 750 1030 830; baseline -0.001 -21"><span class='ocrx_word' id='word_1_23' title='bbox 204 751 385 820; x_wconf 70' lang='lat' dir='ltr'><strong>deodatum</strong></span> <span class='ocrx_word' id='word_1_24' title='bbox 399 751 571 821; x_wconf 90' lang='lat' dir='ltr'><strong>retardando,</strong></span> <span class='ocrx_word' id='word_1_25' title='bbox 593 760 657 810; x_wconf 90' lang='lat' dir='ltr'><strong>tum</strong></span> <span class='ocrx_word' id='word_1_26' title='bbox 676 750 839 830; x_wconf 83' lang='lat' dir='ltr'><strong>vespertinis</strong></span> <span class='ocrx_word' id='word_1_27' title='bbox 859 751 1030 830; x_wconf 75' lang='lat' dir='ltr'><strong>temporibus</strong></span> 
     </span>
     <span class='ocr_line' id='line_1_5' title="bbox 205 831 1030 910; baseline 0.001 -21"><span class='ocrx_word' id='word_1_28' title='bbox 205 831 399 902; x_wconf 85' lang='lat' dir='ltr'><strong>delitescendo,</strong></span> <span class='ocrx_word' id='word_1_29' title='bbox 422 850 487 890; x_wconf 87' lang='lat' dir='ltr'><strong>rum</strong></span> <span class='ocrx_word' id='word_1_30' title='bbox 510 832 659 890; x_wconf 81' lang='lat' dir='ltr'><strong>matutinis</strong></span> <span class='ocrx_word' id='word_1_31' title='bbox 682 852 794 891; x_wconf 90' lang='lat' dir='ltr'><strong>rursum</strong></span> <span class='ocrx_word' id='word_1_32' title='bbox 816 852 845 891; x_wconf 88' lang='lat' dir='ltr'><strong>se</strong></span> <span class='ocrx_word' id='word_1_33' title='bbox 871 831 1030 910; x_wconf 88' lang='lat' dir='ltr'><strong>aperiendo,</strong></span> 
     </span>
     <span class='ocr_line' id='line_1_6' title="bbox 204 911 1031 991; baseline -0.001 -22"><span class='ocrx_word' id='word_1_34' title='bbox 204 912 277 970; x_wconf 87' lang='lat' dir='ltr'><strong>nihil</strong></span> <span class='ocrx_word' id='word_1_35' title='bbox 291 912 426 971; x_wconf 86' lang='lat' dir='ltr'><strong>immutat</strong></span> <span class='ocrx_word' id='word_1_36' title='bbox 438 911 613 991; x_wconf 69' lang='lat' dir='ltr'><strong>sempiternis</strong></span> <span class='ocrx_word' id='word_1_37' title='bbox 626 912 781 971; x_wconf 81' lang='lat' dir='ltr'><strong>seculorum</strong></span> <span class='ocrx_word' id='word_1_38' title='bbox 794 912 941 981; x_wconf 86' lang='lat' dir='ltr'><strong>aetatibus,</strong></span> <span class='ocrx_word' id='word_1_39' title='bbox 961 911 1031 989; x_wconf 89' lang='lat' dir='ltr'><strong>quin</strong></span> 
     </span>
     <span class='ocr_line' id='line_1_7' title="bbox 206 991 1032 1070; baseline 0.001 -21"><span class='ocrx_word' id='word_1_40' title='bbox 206 991 304 1051; x_wconf 88' lang='lat' dir='ltr'><strong>eadem</strong></span> <span class='ocrx_word' id='word_1_41' title='bbox 338 992 438 1051; x_wconf 87' lang='lat' dir='ltr'><strong>iisdem</strong></span> <span class='ocrx_word' id='word_1_42' title='bbox 471 992 643 1070; x_wconf 80' lang='lat' dir='ltr'><strong>temporibus</strong></span> <span class='ocrx_word' id='word_1_43' title='bbox 671 992 783 1052; x_wconf 86' lang='lat' dir='ltr'><strong>efficiat.</strong></span> <span class='ocrx_word' id='word_1_44' title='bbox 824 992 902 1051; x_wconf 83' lang='lat' dir='ltr'><strong>Iuba</strong></span> <span class='ocrx_word' id='word_1_45' title='bbox 935 1002 1032 1051; x_wconf 82' lang='lat' dir='ltr'><strong>autern</strong></span> 
     </span>
     <span class='ocr_line' id='line_1_8' title="bbox 206 1069 1031 1152; baseline 0.002 -23"><span class='ocrx_word' id='word_1_46' title='bbox 206 1073 288 1140; x_wconf 86' lang='lat' dir='ltr'><strong>banc,</strong></span> <span class='ocrx_word' id='word_1_47' title='bbox 302 1072 528 1152; x_wconf 78' lang='lat' dir='ltr'><strong>propiusatena,</strong></span> <span class='ocrx_word' id='word_1_48' title='bbox 539 1073 559 1130; x_wconf 86' lang='lat' dir='ltr'>J</span> <span class='ocrx_word' id='word_1_49' title='bbox 561 1072 620 1131; x_wconf 87' lang='lat' dir='ltr'><strong>ori</strong></span> <span class='ocrx_word' id='word_1_50' title='bbox 634 1072 714 1132; x_wconf 86' lang='lat' dir='ltr'><strong>steila</strong></span> <span class='ocrx_word' id='word_1_51' title='bbox 724 1071 819 1141; x_wconf 87' lang='lat' dir='ltr'><strong>fertur,</strong></span> <span class='ocrx_word' id='word_1_52' title='bbox 833 1092 905 1149; x_wconf 84' lang='lat' dir='ltr'><strong>quac</strong></span> <span class='ocrx_word' id='word_1_53' title='bbox 913 1069 1031 1141; x_wconf 72' lang='grc' dir='ltr'>Φαέθων</span> 
     </span>
     <span class='ocr_line' id='line_1_9' title="bbox 206 1150 1032 1231; baseline 0 -22"><span class='ocrx_word' id='word_1_54' title='bbox 206 1150 327 1212; x_wconf 83' lang='lat' dir='ltr'><strong>dicitur:</strong></span> <span class='ocrx_word' id='word_1_55' title='bbox 348 1173 436 1231; x_wconf 87' lang='lat' dir='ltr'><strong>eaque</strong></span> <span class='ocrx_word' id='word_1_56' title='bbox 449 1152 569 1212; x_wconf 85' lang='lat' dir='ltr'><strong>eundem</strong></span> <span class='ocrx_word' id='word_1_57' title='bbox 582 1171 628 1213; x_wconf 89' lang='lat' dir='ltr'><strong>xn</strong></span> <span class='ocrx_word' id='word_1_58' title='bbox 642 1153 784 1231; x_wconf 84' lang='lat' dir='ltr'><strong>signorum</strong></span> <span class='ocrx_word' id='word_1_59' title='bbox 792 1155 886 1213; x_wconf 86' lang='lat' dir='ltr'><strong>orbem</strong></span> <span class='ocrx_word' id='word_1_60' title='bbox 895 1152 975 1213; x_wconf 85' lang='lat' dir='ltr'><strong>annis</strong></span> <span class='ocrx_word' id='word_1_61' title='bbox 984 1168 1032 1211; x_wconf 75' lang='lat' dir='ltr'><strong>arr</strong></span> 
     </span>
     <span class='ocr_line' id='line_1_10' title="bbox 206 1232 1032 1312; baseline 0 -21"><span class='ocrx_word' id='word_1_62' title='bbox 206 1233 325 1303; x_wconf 87' lang='lat' dir='ltr'><strong>conficit,</strong></span> <span class='ocrx_word' id='word_1_63' title='bbox 352 1234 527 1312; x_wconf 87' lang='lat' dir='ltr'><strong>easdemque,</strong></span> <span class='ocrx_word' id='word_1_64' title='bbox 549 1254 619 1312; x_wconf 88' lang='lat' dir='ltr'><strong>quas</strong></span> <span class='ocrx_word' id='word_1_65' title='bbox 640 1234 756 1293; x_wconf 86' lang='lat' dir='ltr'><strong>Satumi</strong></span> <span class='ocrx_word' id='word_1_66' title='bbox 779 1234 868 1301; x_wconf 87' lang='lat' dir='ltr'><strong>stella,</strong></span> <span class='ocrx_word' id='word_1_67' title='bbox 891 1232 976 1292; x_wconf 85' lang='lat' dir='ltr'><strong>efficit</strong></span> <span class='ocrx_word' id='word_1_68' title='bbox 1001 1232 1032 1291; x_wconf 90' lang='lat' dir='ltr'><strong>in</strong></span> 
     </span>
     <span class='ocr_line' id='line_1_11' title="bbox 204 1314 1031 1394; baseline 0 -22"><span class='ocrx_word' id='word_1_69' title='bbox 204 1334 288 1374; x_wconf 84' lang='lat' dir='ltr'><strong>cursu</strong></span> <span class='ocrx_word' id='word_1_70' title='bbox 309 1315 465 1389; x_wconf 77' lang='lat' dir='ltr'><strong>varietates.</strong></span> <span class='ocrx_word' id='word_1_71' title='bbox 507 1314 583 1375; x_wconf 83' lang='lat' dir='ltr'><strong>Huic</strong></span> <span class='ocrx_word' id='word_1_72' title='bbox 605 1325 700 1375; x_wconf 87' lang='lat' dir='ltr'><strong>autern</strong></span> <span class='ocrx_word' id='word_1_73' title='bbox 724 1316 849 1394; x_wconf 88' lang='lat' dir='ltr'><strong>proximo</strong></span> <span class='ocrx_word' id='word_1_74' title='bbox 875 1314 1031 1373; x_wconf 84' lang='lat' dir='ltr'><strong>inferiorem</strong></span> 
     </span>
     <span class='ocr_line' id='line_1_12' title="bbox 204 1394 1029 1474; baseline 0 -23"><span class='ocrx_word' id='word_1_75' title='bbox 204 1396 299 1454; x_wconf 88' lang='lat' dir='ltr'><strong>orbern</strong></span> <span class='ocrx_word' id='word_1_76' title='bbox 313 1406 390 1454; x_wconf 89' lang='lat' dir='ltr'><strong>tenet</strong></span> <span class='ocrx_word' id='word_1_77' title='bbox 404 1394 529 1467; x_wconf 66' lang='grc' dir='ltr'><strong>πυρόεις,</strong></span> <span class='ocrx_word' id='word_1_78' title='bbox 542 1416 614 1474; x_wconf 88' lang='lat' dir='ltr'><strong>quae</strong></span> <span class='ocrx_word' id='word_1_79' title='bbox 634 1396 715 1455; x_wconf 85' lang='lat' dir='ltr'><strong>stella</strong></span> <span class='ocrx_word' id='word_1_80' title='bbox 735 1395 836 1455; x_wconf 83' lang='lat' dir='ltr'><strong>Martis</strong></span> <span class='ocrx_word' id='word_1_81' title='bbox 857 1395 1029 1473; x_wconf 88' lang='lat' dir='ltr'><strong>appellatur:</strong></span> 
     </span>
     <span class='ocr_line' id='line_1_13' title="bbox 204 1473 1032 1554; baseline -0.002 -20"><span class='ocrx_word' id='word_1_82' title='bbox 204 1494 292 1552; x_wconf 86' lang='lat' dir='ltr'><strong>eaque</strong></span> <span class='ocrx_word' id='word_1_83' title='bbox 313 1494 363 1535; x_wconf 87' lang='lat'>1111</span> <span class='ocrx_word' id='word_1_84' title='bbox 385 1484 415 1534; x_wconf 92' lang='lat' dir='ltr'><strong>et</strong></span> <span class='ocrx_word' id='word_1_85' title='bbox 436 1494 479 1535; x_wconf 85' lang='lat' dir='ltr'><strong>xx</strong></span> <span class='ocrx_word' id='word_1_86' title='bbox 502 1475 654 1544; x_wconf 86' lang='lat' dir='ltr'><strong>mensibus,</strong></span> <span class='ocrx_word' id='word_1_87' title='bbox 680 1492 724 1545; x_wconf 85' lang='lat' dir='ltr'><strong>vr,</strong></span> <span class='ocrx_word' id='word_1_88' title='bbox 747 1485 782 1534; x_wconf 87' lang='lat' dir='ltr'><strong>ut</strong></span> <span class='ocrx_word' id='word_1_89' title='bbox 808 1476 914 1554; x_wconf 87' lang='lat' dir='ltr'><strong>opinor,</strong></span> <span class='ocrx_word' id='word_1_90' title='bbox 934 1473 1032 1533; x_wconf 88' lang='lat' dir='ltr'><strong>diebus</strong></span> 
     </span>
     <span class='ocr_line' id='line_1_14' title="bbox 204 1554 1031 1632; baseline -0.001 -19"><span class='ocrx_word' id='word_1_91' title='bbox 204 1556 310 1625; x_wconf 88' lang='lat' dir='ltr'><strong>minus,</strong></span> <span class='ocrx_word' id='word_1_92' title='bbox 324 1556 445 1615; x_wconf 89' lang='lat' dir='ltr'><strong>eundem</strong></span> <span class='ocrx_word' id='word_1_93' title='bbox 457 1556 559 1615; x_wconf 76' lang='lat' dir='ltr'><strong>lustrat</strong></span> <span class='ocrx_word' id='word_1_94' title='bbox 572 1557 678 1625; x_wconf 87' lang='lat' dir='ltr'><strong>orbem,</strong></span> <span class='ocrx_word' id='word_1_95' title='bbox 691 1574 777 1632; x_wconf 88' lang='lat' dir='ltr'><strong>quem</strong></span> <span class='ocrx_word' id='word_1_96' title='bbox 791 1555 863 1613; x_wconf 87' lang='lat' dir='ltr'><strong>duas</strong></span> <span class='ocrx_word' id='word_1_97' title='bbox 871 1554 1031 1632; x_wconf 75' lang='lat' dir='ltr'><strong>superiores.</strong></span> 
     </span>
     <span class='ocr_line' id='line_1_15' title="bbox 206 1630 1032 1702; baseline 0.004 -11"><span class='ocrx_word' id='word_1_98' title='bbox 206 1635 285 1693; x_wconf 77' lang='lat' dir='ltr'><strong>infin</strong></span> <span class='ocrx_word' id='word_1_99' title='bbox 296 1636 369 1694; x_wconf 84' lang='lat' dir='ltr'><strong>hane</strong></span> <span class='ocrx_word' id='word_1_100' title='bbox 381 1645 478 1694; x_wconf 86' lang='lat' dir='ltr'><strong>autem</strong></span> <span class='ocrx_word' id='word_1_101' title='bbox 492 1636 572 1695; x_wconf 85' lang='lat' dir='ltr'><strong>stella</strong></span> <span class='ocrx_word' id='word_1_102' title='bbox 593 1634 725 1693; x_wconf 75' lang='lat' dir='ltr'><strong>Mercurii</strong></span> <span class='ocrx_word' id='word_1_103' title='bbox 745 1646 796 1695; x_wconf 84' lang='lat' dir='ltr'><strong>est.</strong></span> <span class='ocrx_word' id='word_1_104' title='bbox 837 1636 880 1694; x_wconf 85' lang='lat' dir='ltr'><strong>Ea</strong></span> <span class='ocrx_word' id='word_1_105' title='bbox 901 1630 1032 1702; x_wconf 75' lang='grc' dir='ltr'>στίλβων</span> 
     </span>
     <span class='ocr_line' id='line_1_16' title="bbox 205 1714 1032 1793; baseline -0.002 -20"><span class='ocrx_word' id='word_1_106' title='bbox 205 1715 362 1793; x_wconf 84' lang='lat' dir='ltr'><strong>appellatur</strong></span> <span class='ocrx_word' id='word_1_107' title='bbox 374 1716 514 1774; x_wconf 83' lang='lat' dir='ltr'><strong>aGraecis</strong></span> <span class='ocrx_word' id='word_1_108' title='bbox 524 1737 537 1773; x_wconf 69' lang='lat'><strong>:⁴</strong></span> <span class='ocrx_word' id='word_1_109' title='bbox 555 1736 637 1793; x_wconf 87' lang='lat' dir='ltr'><strong>quae,</strong></span> <span class='ocrx_word' id='word_1_110' title='bbox 650 1734 723 1775; x_wconf 90' lang='lat' dir='ltr'><strong>anno</strong></span> <span class='ocrx_word' id='word_1_111' title='bbox 737 1715 793 1775; x_wconf 80' lang='lat' dir='ltr'><strong>fere</strong></span> <span class='ocrx_word' id='word_1_112' title='bbox 803 1723 937 1784; x_wconf 84' lang='lat' dir='ltr'><strong>vertente,</strong></span> <span class='ocrx_word' id='word_1_113' title='bbox 946 1714 1032 1793; x_wconf 83' lang='lat' dir='ltr'><strong>signi·</strong></span> 
     </span>
     <span class='ocr_line' id='line_1_17' title="bbox 123 1795 1033 1875; baseline 0.002 -23"><span class='ocrx_word' id='word_1_114' title='bbox 123 1820 127 1825; x_wconf 94' lang='lat'>·</span> <span class='ocrx_word' id='word_1_115' title='bbox 205 1795 297 1854; x_wconf 87' lang='lat' dir='ltr'><strong>ferum</strong></span> <span class='ocrx_word' id='word_1_116' title='bbox 310 1796 412 1855; x_wconf 83' lang='lat' dir='ltr'><strong>lustrat</strong></span> <span class='ocrx_word' id='word_1_117' title='bbox 425 1797 528 1867; x_wconf 90' lang='lat' dir='ltr'><strong>orbem,</strong></span> <span class='ocrx_word' id='word_1_118' title='bbox 549 1816 640 1875; x_wconf 89' lang='lat' dir='ltr'><strong>neque</strong></span> <span class='ocrx_word' id='word_1_119' title='bbox 660 1816 678 1856; x_wconf 88' lang='lat' dir='ltr'><strong>a</strong></span> <span class='ocrx_word' id='word_1_120' title='bbox 699 1796 754 1856; x_wconf 84' lang='lat' dir='ltr'><strong>sole</strong></span> <span class='ocrx_word' id='word_1_121' title='bbox 777 1796 886 1875; x_wconf 85' lang='lat' dir='ltr'><strong>longius</strong></span> <span class='ocrx_word' id='word_1_122' title='bbox 907 1813 1033 1874; x_wconf 85' lang='lat' dir='ltr'><strong>unquam</strong></span> 
     </span>
     <span class='ocr_line' id='line_1_18' title="bbox 206 1874 1032 1956; baseline 0.002 -22"><span class='ocrx_word' id='word_1_123' title='bbox 206 1874 290 1935; x_wconf 89' lang='lat' dir='ltr'><strong>unius</strong></span> <span class='ocrx_word' id='word_1_124' title='bbox 301 1876 375 1956; x_wconf 78' lang='lat' dir='ltr'><strong>signi</strong></span> <span class='ocrx_word' id='word_1_125' title='bbox 389 1876 538 1936; x_wconf 77' lang='lat' dir='ltr'><strong>intervallo·</strong></span> <span class='ocrx_word' id='word_1_126' title='bbox 547 1876 672 1947; x_wconf 81' lang='lat' dir='ltr'><strong>discedit,</strong></span> <span class='ocrx_word' id='word_1_127' title='bbox 689 1883 752 1937; x_wconf 84' lang='lat' dir='ltr'><strong>turn</strong></span> <span class='ocrx_word' id='word_1_128' title='bbox 766 1886 951 1946; x_wconf 83' lang='lat' dir='ltr'><strong>antevertens,</strong></span> <span class='ocrx_word' id='word_1_129' title='bbox 968 1885 1032 1936; x_wconf 90' lang='lat' dir='ltr'><strong>tum</strong></span> 
     </span>
     <span class='ocr_line' id='line_1_19' title="bbox 203 1957 1033 2036; baseline 0 -20"><span class='ocrx_word' id='word_1_130' title='bbox 203 1957 382 2035; x_wconf 85' lang='lat' dir='ltr'><strong>subsequens.</strong></span> <span class='ocrx_word' id='word_1_131' title='bbox 425 1958 529 2018; x_wconf 85' lang='lat' dir='ltr'><strong>Infima</strong></span> <span class='ocrx_word' id='word_1_132' title='bbox 541 1968 583 2018; x_wconf 89' lang='lat' dir='ltr'><strong>est</strong></span> <span class='ocrx_word' id='word_1_133' title='bbox 596 1959 720 2036; x_wconf 86' lang='lat' dir='ltr'><strong>quinque</strong></span> <span class='ocrx_word' id='word_1_134' title='bbox 741 1959 904 2028; x_wconf 81' lang='lat' dir='ltr'><strong>errantium,</strong></span> <span class='ocrx_word' id='word_1_135' title='bbox 929 1966 1033 2016; x_wconf 79' lang='lat' dir='ltr'><strong>terme-</strong></span> 
     </span>
     <span class='ocr_line' id='line_1_20' title="bbox 204 2036 1031 2116; baseline -0.001 -20"><span class='ocrx_word' id='word_1_136' title='bbox 204 2055 260 2113; x_wconf 86' lang='lat' dir='ltr'><strong>que</strong></span> <span class='ocrx_word' id='word_1_137' title='bbox 294 2038 410 2107; x_wconf 81' lang='lat' dir='ltr'><strong>roxirna,</strong></span> <span class='ocrx_word' id='word_1_138' title='bbox 425 2038 506 2098; x_wconf 83' lang='lat' dir='ltr'><strong>stella</strong></span> <span class='ocrx_word' id='word_1_139' title='bbox 520 2038 647 2109; x_wconf 87' lang='lat' dir='ltr'><strong>Veneris,</strong></span> <span class='ocrx_word' id='word_1_140' title='bbox 661 2060 733 2116; x_wconf 90' lang='lat' dir='ltr'><strong>quae</strong></span> <span class='ocrx_word' id='word_1_141' title='bbox 746 2037 904 2108; x_wconf 70' lang='lat' dir='ltr'><strong>ddodopos</strong></span> <span class='ocrx_word' id='word_1_142' title='bbox 917 2036 1031 2105; x_wconf 82' lang='lat' dir='ltr'><strong>Graece,</strong></span> 
     </span>
     <span class='ocr_line' id='line_1_21' title="bbox 206 2056 1033 2198; baseline -0.001 -22"><span class='ocrx_word' id='word_1_143' title='bbox 206 2056 316 2177; x_wconf 71' lang='lat' dir='ltr'><strong>Luciier</strong></span> <span class='ocrx_word' id='word_1_144' title='bbox 330 2120 430 2178; x_wconf 80' lang='lat' dir='ltr'><strong>Latine</strong></span> <span class='ocrx_word' id='word_1_145' title='bbox 443 2119 554 2187; x_wconf 87' lang='lat' dir='ltr'><strong>dicitur,</strong></span> <span class='ocrx_word' id='word_1_146' title='bbox 565 2139 631 2193; x_wconf 85' lang='lat' dir='ltr'><strong>cum</strong></span> <span class='ocrx_word' id='word_1_147' title='bbox 640 2117 830 2198; x_wconf 74' lang='lat' dir='ltr'><strong>antegreditur</strong></span> <span class='ocrx_word' id='word_1_148' title='bbox 839 2118 945 2177; x_wconf 82' lang='lat' dir='ltr'><strong>solem:</strong></span> <span class='ocrx_word' id='word_1_149' title='bbox 967 2135 1033 2175; x_wconf 85' lang='lat' dir='ltr'><strong>cum</strong></span> 
     </span>
     <span class='ocr_line' id='line_1_22' title="bbox 204 2198 1034 2279; baseline -0.004 -22"><span class='ocrx_word' id='word_1_150' title='bbox 204 2198 384 2276; x_wconf 84' lang='lat' dir='ltr'><strong>subsequitur</strong></span> <span class='ocrx_word' id='word_1_151' title='bbox 396 2210 503 2269; x_wconf 85' lang='lat' dir='ltr'><strong>autem,</strong></span> <span class='ocrx_word' id='word_1_152' title='bbox 518 2200 664 2279; x_wconf 79' lang='lat' dir='ltr'><strong>Hesperos.</strong></span> <span class='ocrx_word' id='word_1_153' title='bbox 706 2201 749 2259; x_wconf 84' lang='lat' dir='ltr'><strong>Ea</strong></span> <span class='ocrx_word' id='word_1_154' title='bbox 762 2205 875 2274; x_wconf 83' lang='lat' dir='ltr'><strong>&#39;cursum</strong></span> <span class='ocrx_word' id='word_1_155' title='bbox 884 2213 958 2257; x_wconf 84' lang='lat' dir='ltr'><strong>anno</strong></span> <span class='ocrx_word' id='word_1_156' title='bbox 967 2214 1034 2255; x_wconf 85' lang='lat' dir='ltr'><strong>con-</strong></span> 
     </span>
     <span class='ocr_line' id='line_1_23' title="bbox 206 2277 1035 2359; baseline -0.001 -22"><span class='ocrx_word' id='word_1_157' title='bbox 206 2277 274 2348; x_wconf 88' lang='lat' dir='ltr'><strong>ficit,</strong></span> <span class='ocrx_word' id='word_1_158' title='bbox 289 2291 317 2338; x_wconf 91' lang='lat' dir='ltr'><strong>et</strong></span> <span class='ocrx_word' id='word_1_159' title='bbox 331 2280 510 2339; x_wconf 86' lang='lat' dir='ltr'><strong>latitudinem</strong></span> <span class='ocrx_word' id='word_1_160' title='bbox 523 2281 645 2340; x_wconf 88' lang='lat' dir='ltr'><strong>lustrans</strong></span> <span class='ocrx_word' id='word_1_161' title='bbox 658 2280 780 2359; x_wconf 78' lang='lat' dir='ltr'><strong>signiferi</strong></span> <span class='ocrx_word' id='word_1_162' title='bbox 794 2280 876 2349; x_wconf 87' lang='lat' dir='ltr'><strong>orbis,</strong></span> <span class='ocrx_word' id='word_1_163' title='bbox 900 2287 929 2338; x_wconf 87' lang='lat' dir='ltr'><strong>et</strong></span> <span class='ocrx_word' id='word_1_164' title='bbox 943 2277 1035 2355; x_wconf 79' lang='lat' dir='ltr'><strong>longi-</strong></span> 
     </span>
     <span class='ocr_line' id='line_1_24' title="bbox 205 2358 1030 2437; baseline -0.004 -19"><span class='ocrx_word' id='word_1_165' title='bbox 205 2358 334 2418; x_wconf 86' lang='lat' dir='ltr'><strong>tudinem</strong></span> <span class='ocrx_word' id='word_1_166' title='bbox 350 2360 440 2435; x_wconf 89' lang='lat' dir='ltr'><strong>(quod</strong></span> <span class='ocrx_word' id='word_1_167' title='bbox 453 2360 527 2418; x_wconf 90' lang='lat' dir='ltr'><strong>idem</strong></span> <span class='ocrx_word' id='word_1_168' title='bbox 540 2359 647 2420; x_wconf 83' lang='lat' dir='ltr'><strong>iaciunt</strong></span> <span class='ocrx_word' id='word_1_169' title='bbox 660 2360 755 2419; x_wconf 78' lang='lat' dir='ltr'><strong>stellae</strong></span> <span class='ocrx_word' id='word_1_170' title='bbox 775 2359 960 2437; x_wconf 82' lang='lat' dir='ltr'><strong>superiores):</strong></span> <span class='ocrx_word' id='word_1_171' title='bbox 982 2378 1030 2415; x_wconf 89' lang='lat' dir='ltr'><strong>ne-</strong></span> 
     </span>
     <span class='ocr_line' id='line_1_25' title="bbox 204 2438 1032 2520; baseline 0.001 -24"><span class='ocrx_word' id='word_1_172' title='bbox 204 2453 262 2514; x_wconf 74' lang='lat' dir='ltr'><strong>vque</strong></span> <span class='ocrx_word' id='word_1_173' title='bbox 275 2459 402 2514; x_wconf 86' lang='lat' dir='ltr'><strong>unquam</strong></span> <span class='ocrx_word' id='word_1_174' title='bbox 415 2440 451 2498; x_wconf 86' lang='lat' dir='ltr'><strong>ab</strong></span> <span class='ocrx_word' id='word_1_175' title='bbox 464 2439 519 2497; x_wconf 86' lang='lat' dir='ltr'><strong>sole</strong></span> <span class='ocrx_word' id='word_1_176' title='bbox 533 2438 653 2510; x_wconf 83' lang='lat' dir='ltr'><strong>duorum</strong></span> <span class='ocrx_word' id='word_1_177' title='bbox 664 2440 805 2517; x_wconf 77' lang='lat' dir='ltr'><strong>signorum</strong></span> <span class='ocrx_word' id='word_1_178' title='bbox 815 2438 960 2497; x_wconf 83' lang='lat' dir='ltr'><strong>intervallo</strong></span> <span class='ocrx_word' id='word_1_179' title='bbox 970 2438 1032 2520; x_wconf 85' lang='lat' dir='ltr'><strong>lon·</strong></span> 
     </span>
     <span class='ocr_line' id='line_1_26' title="bbox 206 2517 1024 2595; baseline 0 -18"><span class='ocrx_word' id='word_1_180' title='bbox 206 2518 269 2595; x_wconf 85' lang='lat' dir='ltr'><strong>gius</strong></span> <span class='ocrx_word' id='word_1_181' title='bbox 282 2518 407 2587; x_wconf 85' lang='lat' dir='ltr'><strong>discedit,</strong></span> <span class='ocrx_word' id='word_1_182' title='bbox 422 2528 485 2577; x_wconf 85' lang='lat' dir='ltr'><strong>turn</strong></span> <span class='ocrx_word' id='word_1_183' title='bbox 500 2518 672 2588; x_wconf 81' lang='lat' dir='ltr'><strong>antecedens,</strong></span> <span class='ocrx_word' id='word_1_184' title='bbox 687 2528 751 2577; x_wconf 90' lang='lat' dir='ltr'><strong>tum</strong></span> <span class='ocrx_word' id='word_1_185' title='bbox 764 2517 942 2595; x_wconf 84' lang='lat' dir='ltr'><strong>subsequens.</strong></span> <span class='ocrx_word' id='word_1_186' title='bbox 1012 2557 1024 2583; x_wconf 53' lang='grc' dir='ltr'><strong>μ</strong></span> 
     </span>
     <span class='ocr_line' id='line_1_27' title="bbox 202 2598 1034 2677; baseline -0.004 -20"><span class='ocrx_word' id='word_1_187' title='bbox 202 2614 205 2617; x_wconf 88' lang='grc'><em>·</em></span> <span class='ocrx_word' id='word_1_188' title='bbox 247 2598 334 2657; x_wconf 83' lang='grc' dir='ltr'><strong>ΧΧΙ.</strong></span> <span class='ocrx_word' id='word_1_189' title='bbox 356 2598 438 2658; x_wconf 89' lang='lat' dir='ltr'><strong>Hanc</strong></span> <span class='ocrx_word' id='word_1_190' title='bbox 452 2598 675 2677; x_wconf 84' lang='lat' dir='ltr'><strong>igiturinsteliis</strong></span> <span class='ocrx_word' id='word_1_191' title='bbox 681 2599 878 2667; x_wconf 81' lang='lat' dir='ltr'><strong>constantiam,</strong></span> <span class='ocrx_word' id='word_1_192' title='bbox 889 2598 960 2657; x_wconf 85' lang='lat' dir='ltr'><strong>banc</strong></span> <span class='ocrx_word' id='word_1_193' title='bbox 968 2608 1034 2659; x_wconf 81' lang='lat' dir='ltr'><strong>tan.</strong></span> 
     </span>
     <span class='ocr_line' id='line_1_28' title="bbox 206 2679 1034 2741; baseline 0.001 -2"><span class='ocrx_word' id='word_1_194' title='bbox 206 2690 267 2739; x_wconf 89' lang='lat' dir='ltr'><strong>tam</strong></span> <span class='ocrx_word' id='word_1_195' title='bbox 281 2690 341 2739; x_wconf 89' lang='lat' dir='ltr'><strong>tarn</strong></span> <span class='ocrx_word' id='word_1_196' title='bbox 356 2679 440 2739; x_wconf 81' lang='lat' dir='ltr'><strong>variis</strong></span> <span class='ocrx_word' id='word_1_197' title='bbox 454 2680 579 2740; x_wconf 86' lang='lat' dir='ltr'><strong>cursibus</strong></span> <span class='ocrx_word' id='word_1_198' title='bbox 600 2680 631 2739; x_wconf 89' lang='lat' dir='ltr'><strong>iu</strong></span> <span class='ocrx_word' id='word_1_199' title='bbox 651 2680 729 2740; x_wconf 89' lang='lat' dir='ltr'><strong>omni</strong></span> <span class='ocrx_word' id='word_1_200' title='bbox 748 2680 913 2739; x_wconf 85' lang='lat' dir='ltr'><strong>aeternitate</strong></span> <span class='ocrx_word' id='word_1_201' title='bbox 933 2699 1034 2741; x_wconf 86' lang='lat' dir='ltr'><strong>conve-</strong></span> 
     </span>
     <span class='ocr_line' id='line_1_29' title="bbox 202 2760 1032 2841; baseline 0.004 -22"><span class='ocrx_word' id='word_1_202' title='bbox 202 2760 343 2820; x_wconf 85' lang='lat' dir='ltr'><strong>rrientiam</strong></span> <span class='ocrx_word' id='word_1_203' title='bbox 370 2771 539 2841; x_wconf 90' lang='lat' dir='ltr'><strong>tempomm,</strong></span> <span class='ocrx_word' id='word_1_204' title='bbox 567 2781 625 2821; x_wconf 92' lang='lat' dir='ltr'><strong>non</strong></span> <span class='ocrx_word' id='word_1_205' title='bbox 650 2781 763 2841; x_wconf 90' lang='lat' dir='ltr'><strong>possum</strong></span> <span class='ocrx_word' id='word_1_206' title='bbox 790 2760 942 2840; x_wconf 82' lang='lat' dir='ltr'><strong>intelligere</strong></span> <span class='ocrx_word' id='word_1_207' title='bbox 972 2762 1032 2822; x_wconf 85' lang='lat' dir='ltr'><strong>sine</strong></span> 
     </span>
     <span class='ocr_line' id='line_1_30' title="bbox 205 2840 1051 2913; baseline 0.004 -14"><span class='ocrx_word' id='word_1_208' title='bbox 205 2850 310 2908; x_wconf 89' lang='lat' dir='ltr'><strong>mente,</strong></span> <span class='ocrx_word' id='word_1_209' title='bbox 324 2841 440 2913; x_wconf 77' lang='lat' dir='ltr'><strong>ratione,</strong></span> <span class='ocrx_word' id='word_1_210' title='bbox 454 2842 574 2903; x_wconf 86' lang='lat' dir='ltr'><strong>consilio.</strong></span> <span class='ocrx_word' id='word_1_211' title='bbox 616 2840 696 2910; x_wconf 83' lang='lat' dir='ltr'><strong>Quas</strong></span> <span class='ocrx_word' id='word_1_212' title='bbox 709 2862 775 2901; x_wconf 87' lang='lat' dir='ltr'><strong>cum</strong></span> <span class='ocrx_word' id='word_1_213' title='bbox 788 2842 818 2901; x_wconf 88' lang='lat' dir='ltr'><strong>in</strong></span> <span class='ocrx_word' id='word_1_214' title='bbox 832 2841 967 2904; x_wconf 87' lang='lat' dir='ltr'><strong>sideribus</strong></span> <span class='ocrx_word' id='word_1_215' title='bbox 986 2844 1031 2902; x_wconf 91' lang='lat' dir='ltr'><strong>in·</strong></span> <span class='ocrx_word' id='word_1_216' title='bbox 1049 2872 1051 2877; x_wconf 93' lang='lat'>·</span> 
     </span>
     <span class='ocr_line' id='line_1_31' title="bbox 200 2920 1032 3002; baseline 0.002 -23"><span class='ocrx_word' id='word_1_217' title='bbox 200 2928 264 2980; x_wconf 82' lang='lat' dir='ltr'><strong>esse</strong></span> <span class='ocrx_word' id='word_1_218' title='bbox 278 2920 432 2991; x_wconf 86' lang='lat' dir='ltr'><strong>videamus,</strong></span> <span class='ocrx_word' id='word_1_219' title='bbox 446 2944 501 2982; x_wconf 90' lang='lat' dir='ltr'><strong>non</strong></span> <span class='ocrx_word' id='word_1_220' title='bbox 515 2942 663 3002; x_wconf 89' lang='lat' dir='ltr'><strong>possumus</strong></span> <span class='ocrx_word' id='word_1_221' title='bbox 677 2943 710 2981; x_wconf 87' lang='lat' dir='ltr'><strong>ea</strong></span> <span class='ocrx_word' id='word_1_222' title='bbox 723 2923 783 3002; x_wconf 84' lang='lat' dir='ltr'><strong>ipsa</strong></span> <span class='ocrx_word' id='word_1_223' title='bbox 795 2944 852 2982; x_wconf 88' lang='lat' dir='ltr'><strong>non</strong></span> <span class='ocrx_word' id='word_1_224' title='bbox 867 2924 898 2982; x_wconf 89' lang='lat' dir='ltr'><strong>in</strong></span> <span class='ocrx_word' id='word_1_225' title='bbox 917 2923 1032 2982; x_wconf 84' lang='lat' dir='ltr'><strong>deorum</strong></span> 
     </span>
     <span class='ocr_line' id='line_1_32' title="bbox 206 3003 1032 3081; baseline -0.002 -21"><span class='ocrx_word' id='word_1_226' title='bbox 206 3021 323 3061; x_wconf 90' lang='lat' dir='ltr'><strong>numero</strong></span> <span class='ocrx_word' id='word_1_227' title='bbox 337 3008 475 3081; x_wconf 86' lang='lat' dir='ltr'><strong>reponere.</strong></span> <span class='ocrx_word' id='word_1_228' title='bbox 518 3004 583 3063; x_wconf 82' lang='lat' dir='ltr'><strong>Nec&#39;</strong></span> <span class='ocrx_word' id='word_1_229' title='bbox 595 3024 659 3062; x_wconf 87' lang='lat' dir='ltr'><strong>vero</strong></span> <span class='ocrx_word' id='word_1_230' title='bbox 672 3003 767 3062; x_wconf 89' lang='lat' dir='ltr'><strong>stellae</strong></span> <span class='ocrx_word' id='word_1_231' title='bbox 788 3023 845 3073; x_wconf 84' lang='lat' dir='ltr'><strong>eae,</strong></span> <span class='ocrx_word' id='word_1_232' title='bbox 867 3023 939 3080; x_wconf 90' lang='lat' dir='ltr'><strong>quae</strong></span> <span class='ocrx_word' id='word_1_233' title='bbox 959 3003 1032 3059; x_wconf 87' lang='lat' dir='ltr'><strong>iner-</strong></span> 
     </span>
     <span class='ocr_line' id='line_1_33' title="bbox 200 3083 1031 3161; baseline -0.005 -20"><span class='ocrx_word' id='word_1_234' title='bbox 200 3091 298 3141; x_wconf 84' lang='lat' dir='ltr'><strong>rantes</strong></span> <span class='ocrx_word' id='word_1_235' title='bbox 326 3093 468 3153; x_wconf 84' lang='lat' dir='ltr'><strong>vocantur,</strong></span> <span class='ocrx_word' id='word_1_236' title='bbox 495 3093 552 3143; x_wconf 88' lang='lat' dir='ltr'><strong>non</strong></span> <span class='ocrx_word' id='word_1_237' title='bbox 575 3084 733 3161; x_wconf 83' lang='lat' dir='ltr'><strong>significant</strong></span> <span class='ocrx_word' id='word_1_238' title='bbox 754 3083 871 3143; x_wconf 86' lang='lat' dir='ltr'><strong>eandem</strong></span> <span class='ocrx_word' id='word_1_239' title='bbox 896 3090 1031 3146; x_wconf 82' lang='lat' dir='ltr'><strong>mentem,</strong></span> 
     </span>
     <span class='ocr_line' id='line_1_34' title="bbox 204 3162 1043 3253; baseline 0.006 -33"><span class='ocrx_word' id='word_1_240' title='bbox 204 3170 290 3253; x_wconf 76' lang='lat' dir='ltr'><strong>atque</strong></span> <span class='ocrx_word' id='word_1_241' title='bbox 310 3163 508 3241; x_wconf 83' lang='lat' dir='ltr'><strong>prudentiam3</strong></span> <span class='ocrx_word' id='word_1_242' title='bbox 528 3184 652 3243; x_wconf 88' lang='lat' dir='ltr'><strong>quarum</strong></span> <span class='ocrx_word' id='word_1_243' title='bbox 675 3173 719 3223; x_wconf 85' lang='lat' dir='ltr'><strong>est</strong></span> <span class='ocrx_word' id='word_1_244' title='bbox 739 3162 920 3242; x_wconf 59' lang='lat' dir='ltr'><strong>questurum,</strong></span> <span class='ocrx_word' id='word_1_245' title='bbox 936 3176 1043 3213; x_wconf 53' lang='lat' dir='ltr'><strong>mm·</strong></span> 
     </span>
    </p>
   </div>
   <div class='ocr_carea' id='block_1_3' title="bbox 188 3231 1065 3407">
    <p class='ocr_par' dir='ltr' id='par_1_3' title="bbox 188 3231 1065 3407">
     <span class='ocr_line' id='line_1_35' title="bbox 200 3231 1065 3326; baseline 0.02 -30"><span class='ocrx_word' id='word_1_246' title='bbox 200 3260 288 3311; x_wconf 84' lang='lat' dir='ltr'><strong>nrens,</strong></span> <span class='ocrx_word' id='word_1_247' title='bbox 311 3254 498 3326; x_wconf 84' lang='lat' dir='ltr'><strong>constansque</strong></span> <span class='ocrx_word' id='word_1_248' title='bbox 520 3246 689 3307; x_wconf 67' lang='lat' dir='ltr'><strong>conversios</strong></span> <span class='ocrx_word' id='word_1_249' title='bbox 707 3246 767 3305; x_wconf 81' lang='lat' dir='ltr'><strong>nec</strong></span> <span class='ocrx_word' id='word_1_250' title='bbox 778 3242 902 3326; x_wconf 40' lang='lat' dir='ltr'><strong>bem&amp;</strong></span> <span class='ocrx_word' id='word_1_251' title='bbox 918 3231 1065 3323; x_wconf 39' lang='lat' dir='ltr'><strong>&amp;W</strong></span> 
     </span>
     <span class='ocr_line' id='line_1_36' title="bbox 188 3298 1065 3407; baseline 0.035 -28"><span class='ocrx_word' id='word_1_252' title='bbox 188 3337 297 3394; x_wconf 71' lang='lat' dir='ltr'><strong>eurus,</strong></span> <span class='ocrx_word' id='word_1_253' title='bbox 310 3342 408 3407; x_wconf 64' lang='lat' dir='ltr'><strong>neque</strong></span> <span class='ocrx_word' id='word_1_254' title='bbox 423 3329 503 3394; x_wconf 86' lang='lat' dir='ltr'><strong>coelo</strong></span> <span class='ocrx_word' id='word_1_255' title='bbox 527 3330 736 3401; x_wconf 66' lang='lat' dir='ltr'><strong>inhaerentes,</strong></span> <span class='ocrx_word' id='word_1_256' title='bbox 760 3333 801 3388; x_wconf 54' lang='lat' dir='ltr'><strong>bb</strong></span> <span class='ocrx_word' id='word_1_257' title='bbox 823 3298 1065 3397; x_wconf 42' lang='lat' dir='ltr'><strong>WQ&#39;Q</strong></span> 
     </span>
    </p>
   </div>
   <div class='ocr_carea' id='block_1_4' title="bbox 0 0 1190 3817">
    <p class='ocr_par' dir='ltr' id='par_1_4' title="bbox 0 0 1190 3817">
     <span class='ocr_line' id='line_1_37' title="bbox 0 0 1190 3817; baseline 0 0"><span class='ocrx_word' id='word_1_258' title='bbox 0 0 1190 3817; x_wconf 95' lang='lat' dir='ltr'><strong> </strong></span> 
     </span>
    </p>
   </div>
  </div>
 </body>
</html>
