2367 3817
370 270 495 311 concreta
507 271 543 309 ex
555 270 683 329 pmnnus
694 270 812 317 namus,
833 271 953 323 quarum

360 332 461 391 locum
474 333 585 400 habeat,
600 350 655 407 quo
668 338 785 389 naturae
793 328 822 387 vi
831 328 958 387 afferatur

368 413 588 479 aliasummum,
602 410 802 469 aliamedium.
837 407 958 468 Haecad

359 513 421 571 ‘pus
441 494 583 552 cohaerere
602 502 736 570 possunt:
766 509 873 570 semper
894 500 957 548 aute

368 583 500 653 possuntt
523 592 633 633 necesse
646 582 688 631 est
701 572 787 641 enim,
808 572 838 629 in
858 590 941 630 suum
955 601 957 622 ι

361 665 470 716 natura
483 656 625 735 rapiatur:
647 654 759 714 nullum
773 653 859 733 igitur
867 652 957 711 anime

367 757 448 797 num.
877 779 887 790 .

410 818 466 878 Sed
479 818 574 878 omnia
586 818 680 888 vestri,
695 817 790 887 Balbe,
804 816 892 876 solent
905 814 942 874 ad
954 815 957 871 ἕ

368 899 446 971 ferre,
461 900 648 970 Heraclitum,
664 909 696 958 ut
707 900 812 977 opinor,
826 905 957 975 sequente

367 1000 423 1040 non
438 1000 533 1040 omnes
547 982 765 1060 interpretantur
777 999 833 1039 uno
846 977 937 1037 modo.

368 1061 436 1137 quid
449 1061 561 1130 diaeret,
576 1061 695 1140 intelligi
705 1061 804 1129 noluit,
819 1060 957 1119 omittamr

367 1142 408 1200 ita
421 1141 522 1208 dicitis,
543 1161 655 1201 omnem
671 1142 730 1200 vim
751 1160 808 1200 esse
828 1140 940 1219 ignem:

366 1231 485 1292 mantes,
500 1243 564 1282 cum
579 1224 652 1283 calor
661 1223 798 1290 deferrent,
813 1231 876 1281 tum
886 1220 957 1280 iuter

367 1312 469 1363 natura
481 1324 574 1363 rerum
589 1305 619 1363 id
633 1305 736 1378 vivere,
750 1304 781 1362 id
795 1303 895 1381 vigere,
909 1321 957 1379 qu<

360 1393 463 1442 -sutem
476 1404 533 1443 non
547 1384 681 1463 intelligo,
695 1405 750 1462 quo
763 1384 855 1455 modo,
870 1383 957 1443 calore

367 1484 434 1543 pora
453 1463 592 1524 intereant
602 1488 613 1537 3
640 1486 696 1525 non
716 1465 864 1535 intereant,
886 1465 956 1524 hum

367 1545 479 1616 smisso,
492 1548 654 1625 praesertim
665 1567 729 1606 cum
743 1547 881 1606 intereant
895 1545 957 1605 etia]

369 1626 555 1695 Quamobrem
570 1628 600 1687 id
613 1629 726 1707 quidem
742 1647 889 1687 commune
903 1634 944 1685 est

361 1719 527 1769 rumtamen
551 1709 697 1769 videamus
721 1710 839 1768 exitum.
890 1710 937 1767 lta

367 1791 439 1849 nihil
452 1810 510 1849 esse
523 1791 629 1851 animal
642 1792 811 1850 extrinsecus
826 1791 854 1849 in
868 1798 956 1849 natun
