2367 3817
201 449 268 499 Cro.
280 450 323 511 ³3,
334 450 376 497 ³4.
421 446 472 501 DE
488 446 650 502 NATURA
667 444 835 504 odorum.
993 440 1026 496 dl

198 566 264 619 a'e'r:
286 582 322 619 ex
335 565 399 619 ae're
411 579 485 636 equs
494 581 501 619 c
511 626 513 628 .
523 581 561 622 ex
569 580 646 636 oque
654 568 727 624 terro
736 558 843 624 infimo.
885 556 931 622 Sic
942 568 1026 617 netu·

198 642 237 700 ris
250 642 304 710 hie,
326 662 361 700 ex
375 640 478 718 quihus
490 641 586 702 omnic
598 649 734 710 constant,
748 657 870 711 sursum,
885 637 1022 708 deorsum,

197 722 281 791 ultro3
302 722 430 798 citroque·
445 721 674 789 commeantibus,
695 721 795 780 mundi
815 719 938 798 portium
957 738 1025 777 con-

192 803 302 880 junctio
323 804 488 862 continetur.
530 800 609 869 Quos
622 810 673 862 out
686 802 853 879 serpiterna
866 800 904 864 sit
916 819 1025 858 necesse

195 893 247 952 cst,
272 884 327 943 hoc·
344 883 441 943 eodem
461 893 570 951 ornatu,
596 902 681 959 quem
699 882 849 955 ¹videmusr
882 890 932 940 aut
953 889 1024 939 certe

195 964 386 1042 perdiutume‚
401 962 805 1042 permenonscdlonginquum
814 971 843 1020 et
853 962 1023 1021 immensum

194 1063 282 1122 poene
295 1053 415 1121 tempus.
456 1044 584 1112 Quorum
605 1044 745 1108 utrumvis
767 1052 798 1102 ut
819 1042 866 1110 eit,
886 1042 1022 1119 sequitur,

194 1134 297 1185 nature
315 1124 456 1196 mundum
470 1123 669 1186 administrari·
710 1124 789 1192 Quae
801 1122 879 1188 enirn
893 1120 1022 1182 classium

193 1205 344 1284 navigatio,
365 1216 416 1265 out
437 1226 508 1283 quse
528 1204 674 1264 instructio
693 1204 841 1273 exercitus,
861 1212 912 1261 aut
928 1221 1021 1262 rursus

195 1286 296 1358 (uteo,
311 1306 382 1365 quae
391 1298 493 1346 natum
502 1286 805 1361 efficit-conferemus).
814 1304 885 1361 quae
895 1302 1019 1361 procree-

192 1367 232 1426 tio
243 1368 310 1426 vitis
321 1377 374 1426 cut
387 1368 499 1437 arboris,
514 1387 586 1443 quae
596 1387 674 1445 porro
688 1366 841 1429 animantis
854 1364 943 1442 figura
953 1383 1020 1423 coo.

192 1446 376 1524 formatioque
402 1449 592 1506 membrorum
615 1456 725 1510 tantm
749 1456 866 1514 ncturee
879 1444 1020 1503 solertiam

193 1528 340 1604 significet,
362 1537 497 1603 quantam
511 1528 570 1604 ipse
584 1528 728 1588 mundos?
773 1527 835 1584 Aut
848 1524 935 1601 igitur
947 1524 1020 1581 nihil

192 1617 244 1676 est,
259 1608 333 1683 quod
347 1608 482 1666 sentiente
494 1619 597 1667 natura
611 1618 731 1683 regetur,
745 1614 796 1665 eut
805 1604 949 1672 ,mundum
963 1604 1020 1681 regi

192 1686 383 1746 confitendum
393 1696 443 1745 est.
475 1686 590 1752 Etenim
600 1687 650 1763 qui
662 1687 781 1763 reliques
790 1695 908 1756 rieturos
915 1702 1019 1753 omnes,

193 1772 345 1843 eorumque
359 1768 466 1827 semino
479 1767 628 1833 contineat,
653 1767 703 1844 qui
724 1774 815 1845 potest
828 1766 886 1844 ipee
897 1784 955 1835 non
968 1783 1019 1823 na-

193 1857 257 1907 toro
269 1848 479 1909 administrari?
523 1848 576 1917 Ut,
590 1848 614 1908 si
628 1848 677 1926 qui
692 1848 788 1908 dentes
801 1855 830 1906 et
843 1848 1019 1925 pubertatem

189 1938 292 1989 nature
304 1930 379 1989 dicct
400 1930 540 1999 exsistere,
564 1929 658 2008 ipsum
678 1938 775 1998 cotem
794 1927 948 1997 hominem,
973 1925 1019 1990 cui

190 2029 224 2067 eo
236 2010 382 2082 exsistant,
403 2032 460 2070 non
473 2020 596 2072 constare
609 2020 710 2071 nature
722 2031 734 2066 ε»
752 2028 807 2067 non
821 2008 961 2086 intelliget
974 2025 1015 2075 ee,

190 2109 262 2166 quoe
275 2090 390 2151 efferant
402 2092 509 2169 aliquid
522 2112 558 2151 ex
571 2111 639 2160 sese,
659 2089 831 2168 perfectiores
851 2089 953 2158 hebere
966 2107 1017 2146 nc-

190 2182 276 2240 turso,
291 2192 376 2248 quem
390 2193 433 2241 ea,
441 2192 519 2249 quae
532 2192 568 2230 ex
581 2172 616 2234 iis
630 2171 788 2234 efferentur.

230 2253 377 2313 XXXIV.
399 2253 535 2312 Omnium
546 2261 643 2312 autem
654 2272 757 2320 rerum,
772 2268 844 2329 quae
854 2258 956 2310 nature
965 2248 1015 2308 ad

189 2332 393 2401 ministrentur,
408 2334 602 2398 seminatores
616 2342 699 2400 sotor,
713 2340 743 2389 et
755 2351 862 2409 parens,
877 2340 910 2397 ut
924 2330 1015 2389 itadi·

190 2432 262 2481 cam,
276 2422 361 2489 etque
372 2414 503 2471 educator
516 2422 544 2470 et
555 2413 629 2472 altor
642 2422 684 2472 est
695 2410 834 2470 mundus:
857 2410 1014 2487 omniaque,

189 2493 261 2551 sicut
275 2494 403 2550 membre
422 2501 451 2549 et
466 2501 562 2569 μω
574 2512 653 2559 succ·
673 2490 829 2563 nutricatur
842 2498 871 2548 et
885 2490 1015 2558 continet.

189 2572 271 2640 Quod
285 2572 308 2631 si
321 2572 422 2631 mundi
435 2581 643 2649 perteonaturc
650 2569 893 2637 administrentur,
907 2588 1015 2640 necesse

188 2664 230 2713 est
243 2653 384 2712 mundum
397 2652 492 2730 ipsum
504 2660 607 2725 notura
626 2647 823 2719 administrari,
848 2651 927 2729 cujus
951 2652 1013 2728 qui-

187 2733 252 2792 dern
265 2733 469 2793 administratio
481 2732 553 2808 nihil
567 2733 695 2796 habetis
709 2753 747 2801 se,
765 2731 839 2809 quod
853 2731 1014 2809 reprehendi

186 2814 292 2892 possit3
314 2815 404 2873 exiis
424 2813 500 2873 enim
513 2814 622 2876 naturis
641 2833 713 2892 quoe
734 2821 821 2882 erant,
846 2813 921 2891 quod
941 2814 1013 2872 effici

187 2893 279 2971 potuit
293 2896 442 2973 optimum,
464 2895 593 2955 effectum
612 2905 662 2955 est.
705 2894 808 2954 Doceat
829 2914 891 2973 ergo
912 2894 1012 2970 aliquis

186 2973 307 3051 potuisse
320 2976 429 3034 melius.
471 2976 527 3046 Sed
539 2994 622 3034 nemo
635 2994 762 3053 unquam
776 2974 902 3036 docebit:
925 2985 962 3043 et,
989 2974 1011 3032 si

187 3054 249 3131 quis
263 3055 393 3134 corrigere
407 3055 519 3133 aliquid
528 3056 612 3125 ¹volet,
637 3067 689 3120 cot
708 3055 828 3116 deterius
850 3054 940 3124 societ,
961 3064 1011 3123 aut

186 3135 226 3203 id,
241 3136 314 3211 quod
328 3136 388 3195 fieri
403 3156 459 3195 non
472 3137 574 3213 potuit,
589 3136 763 3195 desiderabit.

227 3214 306 3279 Quod
328 3217 351 3275 si
374 3216 587 3300 omnesrrrundi
599 3217 754 3299 perterrito
765 3213 940 3275 correctores
949 3219 1036 3266 coxo,

605 3307 607 3312 '
621 3301 624 3310 ⁴
820 3312 855 3350 s.
