2367 3817
282 245 301 283 ,θ
315 241 417 284 αθῙθῐΟὓ
431 252 558 304 sepullum
574 268 604 285 m
619 273 691 295 em„
716 284 729 303 ι

280 348 283 361 .
297 306 409 365 futurus
423 307 453 364 in
467 307 568 365 luctu?

277 406 319 444 rm
335 406 399 445 vero
413 386 595 465 Chrysippus,
617 386 667 465 qui
688 388 844 447 Stoicorum
866 409 925 448 som

275 467 375 525 rrimus
389 468 473 525 habet
461 476 508 525 tur
520 467 665 546 interpres,
686 488 823 561 magnam
840 473 926 528 turba]

273 557 305 617 at
324 547 482 643 ignotorum
503 546 628 617 deorum,
650 557 735 626 etque
755 550 796 608 ita
816 550 892 642 ignot
894 571 924 609 or

271 648 304 687 ne
318 630 423 707 oonjeot
425 649 475 688 ura
494 628 608 707 quidem
629 630 776 688 informare
801 632 923 707 possimu

269 731 290 768 rs
310 720 373 768 nost
375 730 404 769 ra
428 710 539 788 quidvis¹
560 709 690 769 rideatur
710 712 872 804 cogitatione
893 732 923 789 pc

266 811 330 869 gere.
373 791 426 850 Ait
439 792 524 861 enim,
540 792 600 852 rim
614 792 761 850 divinam'
754 811 783 848 1n
798 793 904 850 ratione
919 822 921 839 ν

264 892 304 941 m,
322 882 350 931 et
365 872 508 931 universae
521 882 639 932 naturae
652 873 746 931 animo
761 881 845 949 atque
859 893 919 930 men

263 972 329 1028 ique
346 952 486 1011 mundum
501 954 585 1011 deum
600 952 668 1012 dicit
682 973 747 1020 esse,
770 963 797 1010 et
820 954 879 1030 ejus
893 973 916 1010 ar

260 1052 315 1089 1em
328 1032 506 1091 universam:
530 1041 592 1089 tum
608 1034 667 1108 ejus
682 1033 767 1108 ipsius
782 1032 914 1106 principat

258 1121 348 1169 niente
369 1120 397 1170 et
418 1111 523 1169 ratione
539 1120 672 1178 versetur,
694 1129 912 1184 communemqn

255 1212 340 1250 'urani
366 1191 495 1250 universa
519 1200 604 1267 atque
628 1190 721 1248 omnia
742 1189 910 1247 continenter

253 1273 322 1330 alem
337 1274 477 1341 umbram,
495 1281 523 1329 et
537 1271 729 1330 necessitatem
743 1290 836 1328 rerum
859 1271 908 1328 fon

251 1373 302 1410 rem
318 1362 467 1430 praeterea,
481 1361 509 1411 et
523 1372 599 1420 eum,
615 1372 698 1429 quem
713 1361 795 1410 antea
815 1351 885 1423 dixi,

249 1454 274 1491 nr
288 1454 329 1503 en,
345 1454 416 1511 quae
429 1443 531 1492 natura
543 1434 672 1503 fluerent,
688 1443 771 1510 atque
786 1453 903 1491 monerer

247 1534 322 1584 uam,
344 1525 372 1573 et
394 1523 505 1584 terram,
532 1524 560 1573 et
584 1518 669 1582 ae'ra3
692 1516 786 1582 solem,
812 1514 901 1572 lunen·

244 1595 478 1667 riversitatemoue
491 1616 595 1664 rerum,
617 1596 787 1674 quaomnia
811 1596 899 1653 contin

672 1678 677 1690 '
695 1678 701 1690 ·
770 1677 896 1717 ..ιηῑὶιηῃ
