2367 3817
165 452 232 505 Cu.
246 451 338 511 20‚2l.
383 449 440 499 DE
460 450 613 530 Natura
632 449 801 502 DEORUM.
947 452 997 512 133

165 565 258 621 Arcus
271 562 346 621 enim
367 561 425 640 ipse
439 582 474 620 ex
488 562 609 621 nubibus
630 562 715 621 efficit
704 571 750 620 tur
770 561 891 641 quodam
910 563 995 631 modo

164 642 274 701 colorat
255 653 299 701 t1s
341 642 468 708 Quarum
491 663 547 701 una
570 643 656 700 etiam
681 644 833 702 Centauros
857 644 994 722 peperisse

165 723 275 782 dicitur
317 723 433 790 Quod‘
413 744 435 781 s1
449 724 537 780 nubea
558 720 705 781 retuleris
698 744 726 783 m
741 723 815 793 deos,
836 724 994 783 referendae

165 814 236 873 certe
251 814 333 866 erunt
347 813 534 881 t,empestates
556 823 627 880 quae
642 803 736 881 populi
751 804 871 863 Romani
892 805 991 864 ritibus

165 894 335 944 consecratae
363 894 437 943 sunt.
479 885 554 962 Ergo
579 884 691 954 imbres,
719 884 820 957 nimbi,
848 885 991 962 procellae,

164 966 297 1034 turbines,
313 966 352 1023 dii
363 964 490 1042 putandi
523 964 597 1023 Nost
586 964 744 1040 triquidem
755 965 846 1033 duces,
858 985 934 1024 mare
945 965 990 1023 in·

164 1047 326 1121 gredientes,
343 1046 486 1105 immolare
499 1046 620 1104 hostiam
634 1045 702 1104 fluct
703 1046 765 1104 ibus
779 1054 990 1104 consueverunt

165 1128 275 1186 Tum
255 1148 278 1184 si
292 1135 334 1185 est
322 1128 429 1185 tCercs
442 1147 460 1184 a
473 1126 600 1203 ger,endo
621 1125 676 1191 (ita
690 1126 765 1185 enim
779 1126 902 1204 dicebas)
918 1135 991 1187 terra

164 1207 224 1285 ipsa
237 1208 289 1266 dea
303 1217 355 1277 est,
370 1216 398 1265 et
412 1208 452 1266 ita
465 1208 549 1268 habet
538 1217 601 1264 tzur
624 1227 695 1283 quae
709 1217 750 1265 est
765 1208 840 1266 enim
854 1207 910 1266 alia
924 1201 994 1270 Tel·

164 1289 231 1347 lus?
253 1289 296 1347 sin
311 1298 401 1347 terra:
424 1309 500 1348 mare
514 1288 618 1347 etiam:
641 1308 726 1365 quem
742 1289 912 1368 Neptunum
931 1308 990 1347 esse

163 1367 290 1442 dicebas:
313 1390 375 1448 ergo
389 1384 418 1428 et
431 1370 558 1438 flumina,
574 1378 603 1427 et
617 1369 771 1427 fontes-I
773 1377 898 1461 taqueflet
886 1365 990 1429 t-Fou

163 1449 200 1521 tis
213 1449 361 1507 delubrum
378 1452 455 1508 lllaso
470 1449 623 1507 exCorsiea
636 1448 792 1507 dedicavit:
813 1458 842 1507 et
856 1449 885 1506 in
899 1469 989 1525 augu-

163 1548 228 1587 rum
252 1529 409 1605 precatione
432 1529 607 1593 Tiberinum,
636 1527 797 1611 Spinonem,
827 1528 992 1620 Almonem,

165 1607 323 1677 Nodinum,
338 1609 617 1685 aliapropinquorum
626 1599 782 1666 fluminum
789 1608 991 1668 nominavide

163 1708 237 1748 mus
280 1690 360 1781 Ergo
365 1690 417 1746 hoc
430 1698 480 1747 aut
494 1688 522 1745 in
537 1688 708 1747 immensum
728 1698 827 1767 serpet,
848 1698 898 1748 aut
917 1688 990 1748 nihil

164 1769 265 1828 horum
280 1770 451 1847 recipiemus,
467 1788 518 1827 nec
531 1768 579 1826 illa
589 1768 701 1827 infinita
708 1769 780 1829 ratio
789 1769 992 1849 superstitionis

163 1850 290 1927 probabit
292 1870 332 1908 ur.

203 1931 289 1988 XXI.
312 1930 395 1989 Nihil
416 1951 479 2009 ergo
498 1931 599 1990 horum
619 1931 793 2008 probandum
812 1941 862 1990 est.
841 1921 990 1993 tDica-

163 2032 227 2072 mus
241 2012 335 2089 igitur,
350 2012 445 2081 Balbe,
460 2023 567 2090 oportet
580 2021 644 2070 cont
645 2033 675 2071 ra
633 2013 749 2072 tillos
762 2013 858 2082 etiam,
877 2013 926 2092 qur
918 2013 990 2074 bos

163 2092 227 2163 deos
248 2114 282 2151 ex
303 2093 450 2151 hominum
471 2112 568 2171 genere
582 2093 612 2150 in
629 2094 769 2153 coelumt
757 2094 912 2164 translatos,
933 2114 990 2155 non

163 2193 201 2244 re,
230 2173 277 2232 sed
302 2174 430 2252 opinione
453 2194 510 2231 esse
531 2173 629 2233 dieunt
617 2184 731 2250 t,quos
754 2185 870 2252 auguste
894 2194 991 2235 ornnes

163 2266 311 2347 sancteque
322 2275 494 2313 veneramur.
529 2254 667 2334 Principio
677 2256 695 2313 J
699 2276 762 2314 oves
776 2250 990 2316 tresnumerant

164 2335 194 2406 ii,
220 2337 269 2411 qui
294 2336 413 2412 theologi
434 2335 632 2394 nominantur:
654 2336 803 2413 exquibus
823 2336 947 2414 primum
961 2347 989 2395 et

165 2416 318 2489 seeundum
332 2426 412 2473 natos
426 2416 455 2472 in
470 2416 610 2474 Arcadia.
631 2416 752 2475 alterum
766 2426 842 2495 patre
858 2417 914 2475 Aet
902 2418 989 2485 there,

166 2516 201 2554 ex
211 2515 266 2573 quo
275 2496 359 2554 etiam
372 2496 561 2573 Proserpinam
574 2507 670 2555 natam
681 2498 783 2567 ferunt,
798 2507 826 2555 et
838 2498 988 2557 Liberum:

164 2577 285 2635 alterum
297 2588 376 2670 patre
390 2576 482 2645 Coelo,
503 2578 551 2654 qui
567 2578 691 2655 genuisse
705 2578 863 2636 Minervam
877 2579 989 2648 dicum,

165 2678 250 2733 quam
264 2658 456 2736 principemet
467 2658 649 2718 inventricem
664 2658 729 2718 belli
743 2659 886 2718 feruntzt
874 2660 995 2721 tertium

166 2741 335 2809 Cretensem,
350 2741 400 2798 Sat
389 2750 465 2797 turni
457 2737 580 2809 filium,
596 2742 675 2819 cujus
688 2740 718 2798 in
733 2740 780 2799 illa
794 2740 885 2799 insula
898 2740 991 2819 sepul·

165 2839 244 2882 trum
258 2783 421 2878 osteriditur.
462 2818 612 2890 Ardaxepoc
626 2831 653 2879 et
655 2821 712 2880 iam
723 2821 798 2899 apud
809 2821 904 2880 Graios
915 2822 991 2879 mul

166 2899 203 2958 tis
216 2900 306 2958 modis
327 2900 516 2958 nominantur.
559 2900 644 2959 Primi
667 2911 731 2970 tres,
754 2922 803 2995 qur
794 2901 994 2980 appellantur

168 2982 287 3050 Anaces,
302 2980 423 3039 Athenis
436 3001 471 3039 ex
484 2982 566 3048 Jove,
580 3002 642 3058 rege
656 2982 859 3060 antiquissimo,
881 2991 910 3040 et
924 2981 991 3061 Pro·

166 3060 275 3140 serpina
288 3062 357 3129 nati,
373 3061 572 3153 Tritopatreus,
596 3063 748 3133 Eubuleus,
770 3063 929 3139 Dionysus.
950 3080 995 3132 εε-ί

167 3141 262 3209 cundi,
283 3143 356 3200 Jove
377 3142 458 3200 tertio
472 3142 533 3201 nati
547 3162 582 3200 ex
597 3143 683 3213 Leda,
708 3143 805 3202 Castor
825 3152 856 3199 et
877 3140 994 3212 Polluri

168 3223 240 3280 tertii
256 3220 390 3281 dicuntur
403 3243 421 3282 a
434 3223 581 3284 nonnullis
599 3225 683 3292 hlco,
691 3224 905 3302 hishampua
889 3217 1025 3269 etms-

153 3300 209 3371 los,
226 3304 311 3365 Atrei
325 3304 392 3405 filii,
407 3328 464 3406 qur
453 3307 587 3389 Pelope
600 3318 699 3370 natus
709 3298 785 3364 luit
874 3381 877 3386 Ι
