2367 3817
175 460 346 511 cauriae.
399 450 448 511 nn
474 440 633 509 urruns
657 456 829 510 proruat.
968 466 1003 514 aa

173 574 250 632 omni
265 572 437 644 aeternitate,
448 573 513 643 nisi,
528 572 633 631 “Mihi
645 572 759 650 pulchre
769 574 841 643 est,''
854 582 891 644 et,
912 578 932 606 “
941 574 1000 654 Ego

172 656 270 713 beatus
293 656 384 722 sum,''
413 655 590 731 cogitantem.
634 653 696 711 Nec
715 662 811 712 tamen
833 654 922 724 rideo,
944 677 999 733 quo

171 736 253 794 modo
267 756 323 794 non
337 745 466 795 vereatur
479 735 531 793 iste
544 734 613 792 deus
626 734 733 801 beatus,
747 754 783 792 ne
794 734 921 806 intereat,
933 756 999 797 curn

171 816 231 874 sine
239 818 298 875 ulla
307 816 511 875 intermissione
520 815 647 892 pulsetur
657 814 831 893 agiteturque
844 816 1000 877 incursione

170 906 328 956 atomorum
342 897 520 974 sempiterna,
534 914 654 970 cumque
668 915 703 953 ex
713 895 772 973 ipso
783 895 916 972 imagines
925 918 998 956 sem-

169 998 220 1055 per
232 978 359 1036 affiuant.
401 979 448 1035 lta
460 996 510 1035 nec
524 977 622 1035 beatus
636 983 678 1033 est
691 985 782 1033 vester
795 975 872 1044 deus,
888 996 938 1035 nec
951 999 999 1037 ae.

170 1071 277 1116 ternus.

214 1139 255 1197 At
269 1138 354 1197 etiarn
369 1138 403 1196 de
417 1136 573 1206 sanctitate,
593 1136 628 1196 de
647 1136 750 1215 pietate
770 1135 901 1197 adversus
923 1140 998 1209 deos,

170 1220 253 1279 libros
268 1219 374 1297 scripsit
389 1219 534 1298 Epicurus.
577 1218 619 1277 At
633 1239 687 1296 quo
702 1217 783 1276 modo
797 1219 827 1277 in
841 1219 885 1277 his
905 1220 996 1299 loqui.

169 1306 240 1360 tur?
273 1311 306 1359 ut
334 1299 548 1369 Coruncanium,
576 1309 627 1358 aut
655 1300 825 1368 Scaevolam,
854 1303 997 1379 pontifices

169 1382 316 1451 maximos,
337 1391 366 1440 te
379 1381 475 1440 audire
489 1381 583 1439 dicas:
610 1400 666 1440 non
686 1400 763 1449 eum,
784 1380 833 1458 qui
854 1384 997 1442 sustulerit

170 1482 282 1521 omnem
292 1462 418 1522 funditus
428 1462 604 1538 religionem:
621 1480 672 1518 nec
683 1462 823 1529 manibus,
835 1469 868 1519 ut
878 1464 996 1529 Xerxes,

170 1542 217 1602 sed
231 1544 393 1613 rationibus,
408 1544 524 1601 deorum
539 1541 742 1599 immortalium
761 1542 867 1618 templa
888 1552 916 1601 et
936 1563 997 1603 aras

169 1624 309 1682 everterit.
351 1622 427 1689 Quid
440 1632 481 1680 eat
496 1621 582 1690 enirn,
599 1640 647 1679 cur
660 1620 724 1678 deos
735 1622 770 1677 ab
781 1621 941 1682 hominibus
952 1644 996 1683 co·
1010 1643 1021 1662 ‘

168 1704 264 1761 leudos
278 1704 363 1772 dicas,
377 1723 442 1761 cum
456 1702 496 1759 dii
510 1721 565 1759 non
579 1700 660 1759 modo
674 1700 801 1759 homines
814 1722 870 1760 non
896 1703 995 1775 colant,

169 1785 217 1843 sed
232 1783 345 1841 omnino
358 1783 429 1841 nihil
444 1791 551 1850 curent,
565 1781 636 1840 nihil
650 1785 755 1857 agant?
799 1784 840 1841 At
851 1795 892 1843 est
901 1804 995 1845 eorum

168 1866 274 1923 eximia
287 1865 424 1942 quaedam
444 1872 641 1941 praeestanque
661 1871 770 1933 natura,
792 1873 825 1923 ut
845 1885 877 1923 ea
897 1865 995 1927 debeat

169 1948 229 2025 ipsa
242 1966 291 2025 per
304 1966 332 2005 se
352 1946 388 2004 ad
409 1965 438 2003 se
459 1944 601 2003 colendam
623 1944 718 2001 elicere
741 1945 904 2022 sapientem.
946 1950 994 2007 An

168 2027 323 2104 quidquam
337 2026 474 2085 eximium
487 2034 578 2103 potest
598 2043 655 2084 esse
676 2024 704 2082 in
726 2044 759 2083 ea
781 2035 891 2097 natura,
912 2049 993 2106 quae,

169 2128 220 2166 sua
233 2109 376 2185 voluptate
389 2108 505 2174 laetans,
525 2105 597 2164 nihil
610 2125 661 2163 nec
681 2114 776 2165 actura
795 2106 832 2166 sit
857 2128 993 2185 uuquam,

168 2209 258 2265 neque
271 2198 345 2266 agat,
360 2208 450 2264 neque
463 2186 573 2267 egerit?
617 2184 695 2251 Quae
710 2205 787 2263 porro
801 2187 890 2265 pietas
904 2190 928 2247 ei
946 2190 995 2249 de.

167 2270 259 2338 betur,
277 2290 294 2327 a
307 2290 362 2346 quo
375 2270 447 2344 nihil
460 2267 618 2345 acceperis?
641 2275 691 2326 aut
704 2267 771 2343 quid
781 2269 902 2339 omnino,
916 2274 994 2349 cujus

168 2350 279 2409 nullum
293 2350 428 2408 meritum
448 2350 494 2418 sit,
517 2349 543 2406 ei
567 2348 660 2406 deberi
683 2349 797 2425 potest?
841 2350 892 2409 Est
917 2354 993 2410 enirn

167 2430 257 2507 pietas
266 2430 379 2507 justitia
391 2430 538 2488 adversum
552 2428 634 2492 deos:
657 2448 721 2486 cum
736 2430 837 2504 quibus
856 2431 925 2509 quid
945 2453 993 2510 po-

169 2520 225 2569 test
238 2510 317 2568 nobis
331 2530 388 2568 esse
399 2510 481 2587 juris,
497 2529 561 2567 cum
574 2509 682 2567 homini
701 2510 780 2568 nulla
800 2530 864 2569 cum
886 2512 936 2571 deo
957 2514 994 2571 sit

169 2591 378 2649 communitas?
421 2588 561 2649 Sanctitas
574 2599 669 2649 autem
683 2599 725 2647 est
739 2591 854 2650 scientia
867 2592 992 2652 colendo-

168 2692 231 2729 rum
246 2672 378 2746 decrum:
400 2672 450 2749 qui
463 2672 643 2749 quamobrem
657 2670 762 2729 colendi
777 2680 852 2741 sunt,
872 2693 928 2732 non
949 2674 993 2732 in-

168 2753 271 2830 telligo,
285 2754 363 2812 nullo
375 2773 426 2812 nec
439 2761 549 2832 accepto
563 2754 599 2811 ab
613 2752 647 2811 iis
660 2770 711 2809 nec
725 2760 831 2829 sperato
844 2754 924 2813 bono.

208 2834 306 2892 XLII.
334 2834 409 2900 Quid
436 2842 478 2893 est
507 2843 613 2902 autem,
641 2831 715 2909 quod
739 2832 803 2891 deos
831 2853 994 2897 veneremur

167 2923 278 2992 propter
290 2914 502 2974 admirationem
516 2915 576 2991 ejus
589 2923 716 2980 naturae,
730 2911 760 2969 in
774 2933 830 2990 qna
853 2917 992 2993 egregium

166 2995 238 3053 nihil
259 2995 410 3054 ridemus?
455 2996 533 3053 Nam
559 2992 762 3072 superstitione,
787 2993 860 3068 quod
885 2996 993 3071 gloriari

167 3076 259 3135 soletis
272 3076 352 3134 facile
365 3085 407 3134 est
420 3075 540 3144 liberari,
555 3094 621 3133 curn
642 3072 785 3131 sustuleris
806 3093 917 3133 omnem
934 3077 992 3135 vim

167 3155 290 3215 deorum.
334 3157 399 3214 Nisi
412 3155 482 3213 forte
496 3155 656 3233 Diagoram,
671 3161 723 3212 aut
735 3153 933 3217 Theodorum,
948 3158 1006 3225 up'x

165 3236 276 3295 omnino
289 3237 354 3295 deos
367 3256 426 3296 esse
438 3238 605 3317 negabant„
616 3256 716 3296 censes
728 3231 948 3313 superauratas
964 3247 1032 3282 arae

147 3314 283 3388 potuisse.
328 3318 390 3395 Ego
404 3338 441 3379 ne
458 3321 658 3401 Protagoram
668 3317 822 3399 quidemr
841 3307 1061 3369 adamim*
