2367 3817
195 460 263 515 osv.
277 464 334 529 ar.
430 463 480 517 nn
496 462 651 517 urruns
668 463 835 517 naosurr.
971 462 1019 512 ruo

194 579 356 658 praesertim
377 599 442 639 cum
463 600 512 641 vos
524 565 612 639 iidem
631 578 688 638 lato
708 576 887 639 fieridicetis
908 575 1018 636 omnia:

194 661 269 738 quod
281 670 377 721 autern
392 682 499 741 semper
511 681 547 720 ex
567 660 645 719 omni
671 660 835 719 aeternitate
849 677 947 717 verum
961 655 1023 715 fue-

194 743 241 811 rit,
256 744 286 801 id
299 762 357 801 esse
370 743 470 802 fatum.
512 740 587 810 Quid
598 740 685 819 igitur
688 742 783 819 juvat,
796 749 847 799 aut
860 738 928 815 quid
941 736 1021 797 affert

193 822 229 881 ad
243 824 409 894 cavendum,
424 824 492 882 scire
504 822 612 901 aliquid
622 822 760 892 futurum,
774 840 839 881 cum
853 820 965 879 idcerte
975 818 1019 875 su-

193 913 290 963 turum
303 904 364 963 sit?
409 904 494 964 Unde
506 924 585 984 porro
603 903 658 963 ista
676 902 833 963 divinatio?
856 902 920 978 quis
939 900 1019 960 iuve-

192 986 235 1044 nit
262 986 360 1045 fissum
376 986 498 1064 jecoris?
527 986 591 1063 quis
615 985 728 1044 cornicis
747 992 864 1043 cantum
883 980 1018 1042 notavit?

191 1067 256 1141 quis
276 1070 387 1126 sortes?
416 1067 518 1143 quibus
538 1086 589 1145 ego
608 1066 706 1125 eredo:
733 1084 786 1124 nec
804 1081 918 1143 possum
944 1058 1019 1119 Attii

192 1147 292 1217 Navii,
326 1144 414 1225 quem
436 1149 680 1216 commemorabas,
707 1147 813 1206 lituum
833 1153 1017 1204 contemnere.

190 1226 247 1286 Sed
262 1228 311 1306 qui
325 1229 380 1287 ista
393 1230 534 1289 intellecta
546 1228 615 1296 siut,
641 1225 841 1308 a'philosoplris
861 1225 946 1284 debeo
960 1222 1019 1281 dis-

189 1328 259 1379 cere,
284 1310 445 1387 praesertim
466 1331 531 1370 cum
552 1308 681 1390 plurimis
701 1309 736 1368 de
755 1310 837 1367 rebus
857 1306 905 1365 isti
926 1302 1017 1363 divini

189 1391 372 1450 mentientur.
413 1392 456 1450 At
469 1392 571 1449 medici
587 1410 698 1467 quoque
719 1389 776 1463 (ita
795 1388 872 1447 enim
892 1386 1016 1460 dicebas)

188 1489 269 1548 saepe
288 1471 433 1529 falluntur.
475 1471 555 1541 Quid
575 1471 667 1529 simile
689 1469 839 1539 medicina,
867 1468 947 1545 cujus
967 1484 1016 1541 ego

188 1551 325 1609 rationem
340 1551 429 1619 video,
449 1560 478 1609 et
493 1551 639 1620 divinatio,
654 1570 725 1627 quae
739 1549 813 1608 unde
826 1548 941 1616 oriatur,
960 1565 1016 1605 non

188 1630 337 1708 intelligo?
379 1632 426 1689 Tu
440 1641 535 1690 autern
549 1631 635 1690 etiam
654 1631 802 1689 Deciorum
823 1627 1016 1688 devotionibus

187 1711 308 1787 placatos
328 1711 392 1769 deos
411 1732 470 1770 esse
490 1731 591 1770 censes.
633 1711 711 1780 Quae
732 1711 787 1769 fuit
812 1729 909 1769 eorum
936 1715 1016 1767 tantu

187 1790 330 1868 iniquitas,
365 1802 397 1851 ut
419 1793 519 1871 placari
540 1792 643 1871 populo
662 1794 788 1852 Romano
811 1811 868 1850 non
895 1798 1015 1869 possent,

186 1872 240 1932 nisi
255 1873 308 1931 viri
322 1874 390 1932 tales
404 1873 586 1933 occidissent?
629 1873 785 1933 Consilium
804 1872 876 1933 illud
896 1872 1015 1949 impera·

185 1954 290 2013 terium
304 1955 367 2024 fuit,
387 1955 464 2033 quod
484 1955 583 2015 Graeci
606 1952 774 2029 Στρατέγμιι
792 1954 945 2033 appellent,
967 1950 1015 2011 sed

185 2054 281 2093 eorum
300 2036 509 2114 imperatorum,
536 2036 587 2114 qui
608 2036 714 2114 patriae
733 2037 917 2102 consulerent,
939 2032 1014 2091 vitae

184 2135 239 2174 non
251 2126 402 2196 parcerent.
444 2116 675 2177 Rebanurreuim
684 2119 752 2183 sore,
764 2126 797 2176 ut
808 2117 947 2175 exercitus
957 2116 1012 2173 irn-

182 2207 346 2273 peratorem,
370 2218 441 2275 equo
454 2199 570 2258 incitato
584 2199 656 2257 sein
670 2199 779 2258 hostem
799 2197 1013 2263 immittentem,

182 2291 408 2355 persequeretur:
433 2280 462 2337 id
477 2279 551 2356 quod
564 2280 668 2339 evenit.
711 2280 788 2338 Nam
802 2278 896 2337 Fauni
916 2296 1015 2336 vocem

181 2358 312 2435 equidem
325 2379 472 2436 nunquam
493 2360 608 2419 audivi:
637 2360 691 2419 tibi
711 2360 734 2418 si
754 2359 863 2420 audisse
883 2369 912 2418 te
933 2358 1018 2425 dicis,

182 2438 309 2497 credam:
336 2442 398 2510 etsi,
420 2441 536 2499 Faunus
549 2440 663 2499 omuino
677 2440 746 2517 quid
758 2441 806 2507 sit,
827 2440 927 2499 nescio.

226 2519 296 2580 VII.
319 2521 385 2579 Non
407 2519 494 2598 igitur
513 2521 615 2591 adhuc,
641 2531 781 2598 quantum
795 2522 910 2599 quidem
923 2522 952 2579 iu
973 2529 1011 2588 te,

182 2600 277 2671 Balbe,
298 2612 350 2670 est,
372 2602 497 2680 intelligo
510 2602 575 2661 deos
587 2622 661 2662 esse:
690 2622 760 2679 quos
780 2602 910 2679 equidem
930 2600 1009 2661 credo

181 2701 258 2753 esse;
283 2683 331 2742 sed
344 2683 416 2741 nihil
436 2683 536 2742 docent
556 2682 652 2742 Stoici.
694 2683 774 2741 Nam
796 2683 956 2752 Cleanthes,
977 2691 1010 2741 ut

180 2762 298 2831 dicebas,
320 2773 440 2841 quatuor
453 2764 543 2823 modis
556 2764 688 2824 formatas
701 2764 731 2822 in
744 2764 848 2823 animis
860 2764 1009 2823 hominum

178 2853 261 2919 putat
274 2844 388 2903 deorum
403 2845 608 2904 assonationes.
651 2846 735 2905 Unus
749 2845 772 2905 is
786 2844 885 2904 modus
899 2855 951 2913 est,
972 2845 1007 2902 de

179 2943 235 2999 quo
249 2924 317 2983 satis
330 2925 399 2994 dixi,
421 2926 470 3001 qui
485 2936 527 2984 est
540 2935 683 3003 susceptus
704 2946 739 2984 ex
753 2926 943 3003 praesensione
964 2944 1007 2982 re·
1027 2987 1033 2993 ,

177 3024 241 3062 rum
262 3006 438 3064 futurarum:
466 3006 536 3064 alter
556 3026 591 3064 ex
611 3007 865 3084 perturbationibus
886 3015 1005 3081 tempes-

176 3095 281 3155 tatum,
303 3096 330 3145 et
344 3087 458 3163 reliquis
478 3086 619 3145 motibus:
641 3088 740 3147 tertius
754 3108 789 3146 ex
808 3084 1011 3145 commoditate

175 3185 279 3237 rerum,
301 3188 371 3244 ques
382 3167 560 3247 percipimus,
581 3178 611 3227 et
624 3169 721 3248 copiae
741 3174 1016 3245 autumemus.

167 3264 233 3303 rum
254 3248 361 3318 ordine,
391 3250 520 3331 coelique
541 3252 718 3311 constantia.
755 3250 811 3307 Be
836 3236 1047 3318 emmim?

157 3321 296 3391 diximus,
341 3332 389 3396 De
404 3335 694 3419 perturbationibus
713 3325 913 3394 essaeus.
931 3319 1063 3367 *mm
