2367 3817
284 284 375 334 sigum
382 274 560 315 numerantes
574 278 582 321 ;
598 274 760 331 quanquam
771 257 851 312 video
863 272 933 312 nonu

285 335 448 413 Epicurum,
470 356 505 393 ne
519 336 549 393 in
563 335 742 394 offensionem
764 333 934 393 Atheniensi*

286 416 377 474 verbis
391 417 533 493 reliquisse
553 416 627 486 deus,
648 423 681 474 're
701 415 852 474 sustulisse.
895 414 936 472 Ita

288 496 393 557 seleutia
414 499 475 576 ejus
494 497 680 573 brevibusque
701 496 854 565 sententiis,
883 515 937 572 qua

290 575 386 648 κυρίας
402 576 494 650 δόξας,
515 579 592 645 haee,
614 588 648 638 ut
668 577 772 655 opinor,
793 578 938 655 primaeui

291 664 311 690 “
325 659 400 736 quod
413 659 527 718 beatum
541 670 568 717 et
589 658 746 718 immortale
760 668 813 728 eet,
836 657 865 715 id
879 663 936 715 nee'

287 740 404 800 ¹exhibet
418 741 548 817 cuiquam
563 740 735 820 negotium.''

331 821 447 880 XXXI.
468 822 504 881 In
514 823 566 881 hue
577 822 618 881 ite
628 820 752 899 exposita
762 818 908 888 sententia,
922 838 942 876 u

291 902 427 971 imment,
450 902 524 980 quod
537 903 583 961 ille
598 902 707 962 inscitia
720 900 801 979 plane
814 899 943 976 loquendi

291 982 359 1040 cisse
373 983 505 1042 consulto.
548 984 590 1040 De
604 984 717 1041 homine
730 981 847 1040 minime
861 980 937 1039 vafro

291 1062 403 1122 timanu
447 1062 573 1121 Dubium
588 1073 630 1121 est
643 1064 731 1130 amm,-
750 1072 847 1122 utrum
861 1061 935 1120 dicat

290 1143 404 1202 beatum
419 1153 446 1201 et
462 1143 627 1211 immortale,
642 1164 688 1214 an,
704 1144 727 1201 si
741 1142 815 1220 quod
829 1143 875 1210 sit,
890 1142 918 1201 id
933 1162 946 1200 e

290 1222 353 1281 tale.
398 1224 462 1282 Non
484 1224 721 1292 animadvertunt,
747 1224 792 1283 hie
806 1243 872 1284 eum
893 1224 948 1282 ami

291 1312 353 1362 tum
368 1324 444 1363 ease:
470 1305 518 1363 sed
532 1305 630 1364 multia
644 1307 706 1364 aliis
719 1306 792 1373 lucia,
815 1304 948 1373 atilium,

293 1383 392 1443 dorum
403 1395 462 1444 tem
471 1395 574 1463 aperte,
587 1406 672 1463 quam
685 1387 767 1465 paulo
778 1394 844 1446 ante
855 1393 892 1444 te.
917 1385 950 1444 11]

292 1484 349 1524 ease
364 1476 463 1543 putat:
486 1486 537 1525 nee
551 1486 722 1543 quemquam
738 1466 805 1535 vidi,
819 1465 868 1542 qui
882 1466 951 1541 magi

292 1544 418 1605 timenda
428 1567 485 1606 esse
498 1557 621 1626 negaret,
636 1548 747 1607 timeret
759 1570 768 1617 ;
790 1555 909 1607 mortem
921 1546 952 1604 di

293 1623 401 1692 Quibus
415 1629 563 1686 medinam
576 1629 702 1677 humina„
793 1629 830 1663 :a
847 1626 925 1660 mm»
947 1648 953 1654 -
