2367 3817
291 307 377 377 Huic,
392 306 443 367 deo
455 308 611 385 pulchrior:
631 318 662 368 ot
676 317 743 379 erat,
759 308 831 368 siout
844 287 898 368 hod

290 387 405 446 sissimio
415 388 508 447 oculis·
543 388 620 456 Quid
630 388 733 449 refert?
755 389 779 448 si
790 389 841 449 hoo
854 388 897 468 ips

289 477 318 526 et
333 477 484 527 venustum
499 468 654 528 videbatur.

328 549 444 607 XXIX.
465 549 557 608 Redeo
566 550 608 608 ud
621 550 694 609 deos.
736 551 845 627 quuos
859 550 882 611 oi

287 629 380 700 bones,
403 639 434 689 at
446 630 571 708 paetulos
584 637 643 689 erse
656 631 847 690 arbitramur?
870 631 894 689 E

286 711 410 770 habero?
441 712 549 788 Ecquos
570 712 643 781 silos,
664 712 770 780 flaccos,
795 711 893 770 fronto!

286 812 357 868 quoe
371 801 437 851 sunt
451 792 480 850 in
494 793 596 852 nobis?
642 794 688 850 An
703 792 797 851 omnia
817 810 892 849 emen

287 872 378 932 Detur
390 873 419 931 id
434 874 520 933 vobio.
564 873 740 932 Numetiam
751 882 891 932 estunam

286 953 363 1011 Nam
379 954 402 1012 si
415 954 507 1031 plures
520 975 528 1020 ;
549 954 635 1013 aliam
649 973 706 1012 eoso
726 953 781 1012 alia
800 952 890 1030 pulch]

284 1044 334 1092 est.
376 1033 468 1111 Igitur
493 1034 595 1110 aliquis
607 1054 664 1092 non
678 1033 878 1111 pulohern'muo

284 1113 411 1172 omnium
424 1113 506 1171 facies
519 1124 571 1183 est,
584 1113 680 1173 florere
691 1114 720 1172 in
729 1112 802 1171 coelo
814 1112 888 1172 Aoad

284 1206 333 1254 est.
376 1194 406 1252 Si
421 1193 496 1251 euim
510 1193 582 1252 nihil
592 1194 665 1253 inter
675 1194 760 1253 doum
771 1204 799 1252 et
808 1192 887 1253 deum

284 1274 413 1353 eut-apud
427 1274 490 1333 deos
505 1275 634 1353 cognitio,
656 1275 735 1334 nulla
747 1273 886 1353 perceptio.

325 1354 410 1424 Quid,
431 1356 455 1413 si
469 1355 566 1425 etiam,
589 1357 690 1424 Vellei,
716 1355 816 1414 falsum
838 1355 885 1413 illu

282 1437 390 1495 nullum
404 1435 488 1494 aliam
502 1436 582 1495 nobis
595 1436 629 1495 do
643 1436 693 1494 deo
707 1434 884 1513 cogitantibur

283 1516 413 1584 hominio,
429 1518 589 1575 occurrere?
635 1518 778 1575 Tamenne
791 1515 845 1575 istu
854 1516 882 1594 ju

282 1596 397 1657 feudos?
442 1597 533 1656 Nobis
552 1598 665 1657 fortasse
686 1597 725 1655 sio
745 1596 871 1665 occurrit,
