2367 3817
281 260 347 293 {tutu
368 262 408 293 cut
409 264 492 313 tttitouj
494 267 591 310 ιογν
592 270 653 289 wu
727 274 827 309 ψῃ,
841 278 909 291 ...m

280 316 356 374 nium
377 314 503 391 gentium
525 321 633 371 constet
655 310 797 385 (omnibus
818 314 915 372 enimi

280 404 303 452 et
317 395 346 453 in
357 394 452 454 animo
461 412 540 470 quusi
532 392 737 470 insculptum)
759 413 817 453 esse
829 393 902 453 dees.

316 475 354 534 V
375 473 477 541 Quales
497 473 563 541 sint,
592 474 702 531 verium
723 483 782 533 est
817 494 874 533 esse
900 496 914 534 1

278 556 372 616 Stleen
372 555 421 614 hes
434 554 548 632 quidem
568 563 661 612 noster
680 564 800 631 quatuor
819 556 854 615 de
874 576 913 616 eei

278 638 375 697 mimis
395 636 542 696 hominum
564 633 725 694 infonnstas
750 636 867 694 deorum
886 657 913 695 es

277 718 399 778 Primam
418 716 510 797 posuit
530 735 603 786 eum,
625 715 660 775 de
681 736 736 793 que
756 716 838 776 modo
858 717 912 776 dixi

276 810 343 860 esset
372 818 406 859 ex
431 798 620 876 psaesensiene
642 817 737 856 rerum
749 797 911 857 futurarum

275 901 360 974 quem
374 879 527 959 cepen'mus
540 898 575 936 ex
589 878 783 972 magnitudine
793 880 911 938 commo<

275 962 463 1039 percipiuntur
482 958 778 1037 contemperatione,
805 959 910 1020 foenum

274 1060 345 1110 tum,
373 1042 546 1117 aliarumque
559 1039 790 1099 commoditatum
811 1041 909 1119 templi

274 1121 408 1191 Tertiam,
429 1139 500 1197 quae
513 1128 626 1178 terreret
636 1119 743 1178 animos
756 1121 907 1181 fulminibu

273 1202 354 1273 tibus,
368 1200 481 1271 nimbis,
503 1200 625 1270 nivibus,
639 1201 827 1278 grandinibus,
845 1211 908 1261 vast

272 1284 363 1353 tentia,
385 1292 473 1341 tenes
485 1283 620 1352 metibus,
640 1291 669 1340 et
682 1301 762 1361 saepe
775 1283 907 1342 fremitibt

271 1384 320 1442 lue
347 1363 493 1432 imbribus,
527 1371 556 1421 et
576 1361 663 1439 guttis
690 1363 823 1422 imbrium
847 1385 907 1442 quei

271 1454 330 1504 tum
340 1444 488 1523 lapidibus,
503 1452 553 1502 eut
562 1443 712 1521 repentinis
720 1452 856 1504 terrerum
867 1446 906 1504 hit

270 1535 374 1603 praeter
392 1534 533 1593 naturam,
557 1524 707 1583 homiuum
727 1524 905 1604 pecudumqu

269 1618 328 1666 tum
348 1607 453 1667 fecibus
476 1605 543 1665 visis
563 1606 743 1665 coelestibus:
771 1616 835 1665 tum
853 1608 903 1665 etei
