2367 3817
281 252 390 297 fflcessssl
414 260 485 297 ratio
505 266 576 297 uuus
601 272 729 296 ιιαυωωω
760 281 813 295 η...
835 286 913 314 *lm*

272 400 327 456 Xl.
343 399 419 457 Tum
428 398 511 457 Cotta
519 397 642 466 comiter,
651 406 685 455 ut
694 397 806 467 solebat,
817 399 911 476 Atqui¹

269 480 304 548 ei,
317 480 372 537 nisi
385 489 419 538 tu
432 476 539 556 aliquid
551 478 676 546 dixisses,
691 478 762 535 nihil
776 499 841 537 sane
855 500 890 538 ex
904 500 910 538 i

280 560 374 619 audire
388 560 532 638 potuisses.
574 558 648 617 Mihi
662 558 737 616 enim
758 580 814 618 non
829 567 909 619 tamt

267 651 325 701 tem
340 642 433 700 venire
446 641 523 709 solet,
545 659 630 717 quare
643 659 742 699 verum
757 641 793 699 sit
806 641 908 720 aliquid

264 742 286 781 .·e
297 722 407 781 laisum.
450 722 539 799 quue
553 740 618 779 cum
633 740 720 798 saepe,
736 729 809 791 tum,
824 741 907 781 cum‘

280 804 361 881 paulo
376 813 451 871 mite,
481 803 605 880 contigit.
646 802 735 879 Reges
755 822 802 861 me
829 804 905 881 quale

276 895 407 944 naturam
421 902 478 942 esse
491 883 612 942 dudam:
633 882 705 942 nihil
715 882 827 943 fortasae
838 903 904 962 resp«

262 985 315 1034 ere,
330 974 463 1043 putemne
473 964 559 1023 talem
572 983 640 1033 esse,
661 964 750 1041 qualis
764 965 845 1023 modo
858 985 876 1023 a
887 973 903 1022 t·

260 1054 305 1104 ta:
330 1045 402 1103 nihil
422 1044 513 1102 didam
533 1045 606 1103 mihi
628 1045 715 1104 videri
729 1044 831 1103 minus.
872 1044 902 1102 Si

258 1145 285 1184 m
299 1125 441 1205 aggrediar
453 1124 488 1185 ad
502 1144 544 1193 ea,
559 1144 631 1202 quaa
644 1136 700 1184 ate
708 1125 850 1202 disputata
858 1145 900 1184 sui

270 1206 361 1265 dieam
374 1205 443 1284 quid
457 1206 584 1263 sentiam.
626 1206 714 1283 Saepe
726 1205 802 1263 enim
816 1205 851 1264 de
869 1207 899 1264 L.

256 1287 326 1346 iliari
341 1296 390 1345 tuo
404 1287 461 1354 illo,
482 1286 577 1344 videor
589 1285 709 1353 audisse,
730 1305 795 1344 eum
809 1295 838 1345 te
848 1295 898 1364 tog

254 1388 280 1426 is
300 1368 359 1425 sine
371 1367 457 1426 dubio
469 1366 627 1438 anteferret,
648 1375 678 1424 et
691 1385 790 1444 paucos
811 1376 897 1426 tacuit

253 1448 415 1507 ieGraeeia
430 1456 607 1526 compararet.
649 1446 714 1515 Sed,
735 1448 809 1525 quod
823 1450 859 1507 ab
879 1468 894 1506 e

252 1550 272 1588 ie
284 1529 362 1609 diligi
376 1529 574 1606 intelligebam,
595 1528 748 1588 arbitrabar
760 1528 842 1587 illum
856 1549 894 1606 pn

253 1611 383 1663 stantiam
411 1610 442 1667 id
470 1610 581 1669 uberius
605 1609 704 1668 dicere.
747 1609 806 1687 ligo
832 1618 893 1668 aute
