2367 3817
293 279 326 327 ut
339 274 413 349 apud
425 273 591 341 Homerum,
608 291 672 329 eum
685 270 755 329 duos
764 269 898 329 exereitus

290 347 331 406 dii
344 369 380 409 ex
393 350 449 409 alis
461 360 539 428 parte
552 351 740 422 defenderent,
759 350 808 409 ed
820 350 898 409 etinu

292 428 375 500 tuuis,
399 440 432 489 ut
453 450 518 490 cum
539 431 716 509 Gigantibus,
740 430 850 511 propria
874 432 899 489 bs

291 509 369 569 Haec
382 521 411 570 et
424 511 557 571 dicuntur
575 521 604 571 et
618 511 769 570 creduntur
782 510 900 570 -stultissi

289 601 356 651 sunt
371 592 512 652 futilitatis
525 612 706 669 summaeque
720 591 851 651 levitatis.

331 673 388 732 Sed
401 685 505 742 temen,
529 674 574 733 his
587 673 687 733 fabulis
700 673 799 751 spretis
811 692 843 733 ne
863 692 901 751 re]

290 753 431 831 pertinens
453 773 503 832 per
525 764 656 814 naturam
677 754 811 832 cujusque
833 752 883 822 rei,

291 833 382 905 Ceres,
398 841 475 914 “per
487 836 592 894 muria”
608 834 770 913 Neptunus,
784 833 833 893 ulii
845 853 895 913 per

288 913 418 993 intelligi,
432 916 490 992 qui,
507 916 657 993 qualesque
670 914 736 983 sint,
751 934 860 994 quoque
873 933 902 974 ee

288 995 407 1054 'suetudo
419 996 633 1073 nuncupaverit,
653 996 702 1053 hos
716 994 781 1053 deos
794 1006 822 1054 et
837 1014 903 1053 vene

289 1073 431 1133 debemus.
472 1076 573 1134 Cultus
585 1085 681 1135 autern
696 1074 811 1135 deorum
824 1085 867 1135 est
884 1095 904 1153 o]

289 1175 344 1232 que
368 1154 537 1216 enstissimus
560 1165 646 1234 atque
669 1155 858 1215 sanctissimus
884 1176 903 1234 p

289 1236 411 1315 pietatis,
433 1247 465 1297 ut
479 1258 525 1297 eos
537 1257 646 1315 semper
665 1256 745 1316 pure,
766 1237 883 1315 integre,

289 1326 384 1376 mente
397 1326 426 1376 et
440 1338 505 1378 voce
519 1337 691 1377 veneremur.
734 1317 765 1376 N
766 1337 803 1377 on
816 1317 892 1375 enirn
903 1338 905 1395 j

289 1396 360 1467 lum,
372 1398 566 1457 verumetiam
576 1399 694 1477 majores
703 1396 800 1465 nestri,
812 1417 905 1476 supere

287 1476 390 1555 ligione
403 1488 608 1557 seperaverunt.
638 1478 730 1537 Nam
744 1478 793 1557 qui
807 1487 879 1538 tetes
892 1478 906 1537 d

287 1568 338 1617 tur
351 1568 379 1619 et
393 1559 585 1629 immolabunt,
610 1568 645 1619 ut
657 1559 701 1618 sui
720 1558 773 1617 sibi
792 1559 873 1618 liberi
892 1579 906 1618 s

290 1650 361 1713 sent,
376 1646 397 1674 “
405 1641 604 1720 superstitiosi”
615 1649 681 1699 sunt
690 1639 840 1719 appellati:
855 1658 907 1717 que

290 1730 336 1781 tea
349 1721 433 1782 letius
446 1722 547 1800 patuit.
582 1719 639 1789 Qui
652 1730 747 1779 autern
759 1720 869 1795 omnia,
877 1740 908 1797 qr

289 1800 405 1860 deorum
431 1803 610 1867 pertinerent.
638 1800 784 1859 dilisenter
804 1810 908 1857 retract
