2367 3817
282 272 385 315 seilicet
397 269 597 327 unimuuuum,
611 279 682 336 quae
695 270 801 318 tutione
815 268 906 319 utunu

282 336 321 394 dii
346 345 375 395 et
399 338 535 408 homines,
560 340 663 415 quibus
686 340 805 419 prolecto
824 341 896 398 nihil

281 417 352 477 ratio
365 426 407 477 est
421 418 508 487 enim,
530 439 602 496 quae
616 429 738 499 praestat
751 421 898 480 omnibus:

282 498 346 567 bile,
358 498 471 558 deorum
483 508 511 558 et
522 500 668 560 huminum
682 521 764 561 ceusu
773 500 879 560 suetum
889 522 904 560 e

281 599 407 658 quaeque
421 581 449 638 in
465 581 616 641 eumundo
631 584 686 642 sint
702 583 803 642 omniu

325 662 501 739 Faciliusque
512 663 691 741 intelligetur,
705 684 723 722 u
737 664 790 721 diis
799 662 907 722 immun

284 742 366 801 nibus
379 763 437 801 esee
450 744 604 820 provisum,
629 744 651 802 si
676 745 729 803 erit
743 753 803 803 tota
825 745 907 802 homi:

282 834 433 901 perspectu,
457 825 603 901 omnisque
615 826 755 884 humanae
774 834 890 883 natutae

283 904 420 979 perfectio.
464 905 542 963 Num
563 926 628 965 eum
651 908 739 964 tribus
753 907 834 965 rebus
847 906 907 963 unit

282 993 419 1054 teneatur,
435 986 503 1052 cibo,
525 986 645 1062 potione,
667 987 784 1065 spiritu:
805 986 906 1045 adhue

282 1064 408 1142 eipiendu
424 1086 454 1123 os
474 1075 515 1123 est
535 1067 723 1145 aptissimum,
745 1067 819 1145 quud
839 1065 905 1147 adju

283 1146 382 1224 spiritu
396 1156 521 1225 augetur.

326 1229 406 1288 LIV.
432 1231 568 1289 Dentibus
588 1241 683 1290 autem
705 1231 736 1289 in
750 1250 796 1290 ure
817 1237 907 1288 constr

284 1317 340 1378 tur,
361 1319 446 1387 atque
459 1312 495 1368 ub
509 1312 553 1369 his
567 1322 737 1371 extenuatur
749 1322 778 1370 et
791 1312 907 1370 molitur

283 1409 348 1449 rum
361 1389 469 1449 adveni
483 1393 558 1450 acuti
572 1413 667 1451 morsu
680 1392 813 1451 dividunt
832 1410 907 1450 estus

284 1481 343 1529 tem
357 1471 516 1541 conficiunt,
530 1474 579 1551 qui
594 1474 706 1551 genuini
722 1482 871 1532 vocantur:
894 1493 908 1549 q

284 1552 370 1611 etium
385 1554 511 1632 elingua
523 1555 650 1634 adjuvari
666 1554 786 1614 videtur.
819 1553 908 1630 Lingu

285 1635 389 1694 radices
403 1636 462 1715 ejus
475 1638 591 1695 haerens
605 1637 708 1714 exeipit
722 1634 896 1695 stomachum

285 1714 441 1775 illabuntur
466 1737 507 1784 ea,
533 1738 604 1793 quae
624 1727 737 1794 ueeeptu
756 1725 822 1773 sunt
833 1736 843 1783 ;
865 1714 908 1772 otii

285 1806 364 1859 uarte
378 1798 502 1855 tonsillas
515 1798 664 1857 attinuens.
678 1798 771 1856 uelato
781 1805 906 1854 extremo
