2367 3817
177 476 299 539 curct-
389 474 438 531 nrt
457 475 616 555 nonnas
633 476 801 531 aranon.
970 479 1001 532 u

175 593 252 655 tione
265 594 365 655 melius
378 594 530 654 existimat.
573 594 616 653 At
628 593 681 673 ipsi
696 603 791 653 tamen
805 591 894 673 pueri,
915 594 1001 655 etiarn

176 694 240 734 cum
255 684 370 746 cessant,
385 674 580 735 exercitatione
593 674 801 756 aliqualudiora
809 675 1003 736 delectantur:

175 756 260 815 deurn
275 757 313 815 sic
326 757 459 816 feriatum·
471 755 602 815 volumus
616 756 764 815 cessatione
778 767 893 836 torpere,
914 766 956 826 ut,
978 758 1002 817 si

175 856 204 895 se
218 836 409 906 commoverit,
424 849 569 895 vereamur
582 856 618 895 ne
640 838 738 895 beatus
752 852 808 896 esse
828 857 884 896 non
904 839 1001 916 possit.

177 918 254 977 Haec
268 917 354 977 oratio
368 938 424 976 non
438 916 520 975 modo
533 916 599 975 deos
621 917 719 995 spoliat
739 928 820 977 motu
840 928 869 977 et
894 919 1001 977 actione

175 998 282 1067 divina,
306 997 353 1057 sed
367 998 453 1056 etiarn
466 996 593 1055 homines
607 996 708 1055 inertes
722 998 827 1068 efficit;
850 998 873 1056 si
887 998 1000 1075 quidem

174 1098 259 1155 agens
272 1078 387 1155 aliquid,
402 1098 439 1135 ne
452 1076 519 1135 deus
533 1076 657 1153 quidem,
671 1097 729 1136 esse
742 1079 839 1138 beatus
853 1088 950 1156 potest.

218 1158 327 1217 Verum
342 1159 378 1217 sit
391 1178 464 1225 saue,
487 1167 520 1215 ut
534 1158 631 1228 vultis,
652 1158 729 1227 deus,
751 1158 855 1239 effigies
879 1160 1001 1219 hominis

174 1248 202 1298 et
217 1237 317 1317 imago.
360 1239 440 1306 Quod
453 1241 514 1316 ejus
527 1248 569 1297 est
582 1238 754 1298 domicilium
767 1242 780 1297 ἲ
803 1261 874 1318 quae
898 1241 998 1299 sedes?

174 1320 223 1397 qui
237 1320 339 1379 locus?
360 1340 431 1398 quae
455 1319 554 1377 deinde
574 1321 646 1380 actio
660 1320 759 1380 vitae?
773 1323 884 1400 quibus
907 1324 1001 1391 rebus,

173 1400 202 1459 id
217 1401 292 1478 quod
306 1404 400 1471 vultis,
425 1401 523 1459 boatus
537 1403 601 1459 est?
625 1410 722 1460 utatur
741 1398 818 1461 enirn
843 1399 907 1461 suis
920 1403 1000 1461 bouis

173 1492 279 1559 oportet
293 1492 321 1540 et
333 1482 452 1550 fruatur,
467 1481 516 1558 qui
529 1482 628 1541 beatus
641 1482 752 1541 futurus
766 1493 817 1541 est·
860 1483 939 1541 Nam
958 1484 1000 1541 lo·

172 1582 221 1621 cus
235 1563 349 1639 quidem
363 1564 397 1621 iis
411 1563 497 1621 etiem
510 1562 628 1630 naturis,
650 1582 720 1638 quae
735 1564 794 1620 sine
807 1562 908 1622 animis
922 1563 998 1633 sunt,

172 1662 240 1701 suus
254 1653 295 1701 est
310 1644 409 1720 cuique
430 1642 565 1720 proprius,
594 1651 626 1701 ut
647 1651 721 1700 terra
743 1643 875 1701 infimum
896 1652 998 1714 teneat,

171 1722 245 1781 hanc
258 1723 376 1781 inundet
389 1741 463 1799 aqua
473 1743 483 1791 ς
505 1722 628 1800 superior
639 1723 707 1792 aeri,
729 1724 840 1802 ignibus
863 1723 1000 1784 altissima

171 1822 219 1861 ora
232 1802 371 1862 reddatur.
413 1801 570 1861 Bestiarum
583 1812 680 1862 autern
695 1815 817 1864 terrenae
831 1820 896 1865 sunt
918 1803 997 1874 aliae,

170 1884 274 1961 partim
295 1885 440 1963 aquatiles,
461 1883 531 1943 aliae
551 1885 630 1960 quasi
654 1886 797 1966 ancipites,
823 1885 854 1944 in
880 1895 998 1963 utraque

170 1965 234 2024 sede
247 1968 393 2040 viventes:
415 1974 482 2025 sunt
495 1966 633 2043 quaedam
647 1965 742 2037 etiam,
758 1987 829 2044 quae
843 1967 906 2046 igne
920 1968 996 2025 nasci

169 2055 313 2123 putentur,
327 2056 531 2127 appareantque
542 2046 572 2104 in
582 2046 743 2107 ardentibus
754 2047 909 2108 fornacibus
917 2067 997 2127 saepe

169 2126 326 2187 volitantes.
893 2127 895 2132 ⁴

209 2207 318 2274 Quaem
332 2207 427 2287 igitur,
450 2216 542 2266 vester
560 2208 629 2267 deus
649 2208 773 2285 primurn
795 2212 843 2269 ubi
865 2208 991 2287 habitate

167 2288 267 2347 deiude
280 2287 351 2367 quae
365 2309 447 2347 causa
460 2307 525 2347 eum
536 2288 595 2349 loco
604 2301 726 2361 moveat,
740 2292 763 2349 si
775 2291 855 2351 modo
866 2301 996 2351 movetur·

167 2370 336 2447 aliquando;
356 2380 505 2446 postremo,
520 2388 584 2428 cum
599 2371 649 2428 hoc
659 2372 801 2450 proprium
816 2373 852 2432 sit
865 2373 996 2431 animan·

168 2451 252 2519 tium,
266 2458 300 2508 ut
314 2448 420 2525 aliquid
430 2458 571 2525 appetant,
583 2451 658 2527 quod
668 2453 705 2511 sit
713 2462 829 2512 naturae
839 2472 995 2513 accommo.

168 2531 285 2596 datum:
307 2529 374 2589 deus
388 2528 457 2606 quid
476 2540 609 2607 appetet:
629 2530 664 2589 ad
685 2552 770 2609 quam
791 2534 910 2611 denique
935 2553 994 2591 rem

166 2622 247 2672 motu
262 2612 365 2671 mentis
378 2631 409 2669 ac
424 2609 537 2669 rationis
552 2620 667 2672 utatur:
688 2623 836 2692 postremo,
847 2634 901 2692 quo
912 2613 994 2673 modo

166 2696 264 2752 beatus
279 2694 325 2763 sit,
340 2714 395 2771 quo
409 2692 491 2751 modo
504 2702 641 2752 aeternus.
685 2694 828 2773 Quidquid
842 2696 918 2754 enim
941 2694 994 2754 ho.

167 2791 230 2831 rum
251 2774 385 2853 attigeris,
410 2774 489 2832 ulcus
506 2783 557 2831 est.
590 2771 646 2834 'Ita
669 2776 743 2835 male
769 2777 899 2835 instituta
919 2773 993 2835 ‘ratio

166 2854 275 2912 exitum
290 2856 406 2932 reperire
418 2873 473 2913 non
488 2863 587 2931 potest.
628 2855 675 2913 Sic
689 2856 765 2915 enim
776 2856 893 2937 dicebas,
905 2857 993 2935 speci.

155 2954 211 2991 -em
227 2935 272 2992 dei
285 2935 387 3014 percipi
402 2936 575 3012 cogitatione,
588 2955 645 2994 non
659 2956 759 2995 sensu:
782 2956 833 2995 nec
848 2957 904 2995 esse
920 2938 949 2995 in
961 2958 995 2998 ea

166 3015 253 3074 ullam
268 3016 446 3084 soliditatem,
460 3035 551 3092 neque
564 3016 682 3076 eandem
704 3017 740 3076 ad
760 3035 910 3096 numerum
926 3015 992 3094 'per-

165 3115 286 3166 manere,
301 3116 419 3174 eamque
434 3116 491 3155 esse
514 3098 573 3174 ejus
587 3097 733 3166 visionem,
754 3106 787 3157 ut
808 3096 994 3156 similitudine

165 3187 193 3235 et
207 3178 369 3237 transitione
383 3188 522 3248 cernatur,
536 3198 631 3257 neque
644 3173 1019 3255 aestimamusmm·

153 3253 244 3315 finitis
256 3257 419 3336 corporibus
441 3260 589 3323 similium
609 3260 762 3326 accessise
782 3275 827 3316 ea
845 3265 944 3321 eoque
963 3241 1052 3300 bem.
