2367 3817
179 475 312 531 Cim-d.
393 473 442 529 DE
460 469 610 529 NATURA
631 470 797 528 DEORUM.
973 477 1005 526 ὸό

178 592 346 652 ealonuita.
389 593 433 652 Ut
453 592 476 651 si
491 592 554 669 quis
568 592 598 650 in
620 591 735 650 domum
755 590 890 669 aliquem,
912 590 1008 649 autin

178 674 366 750 gymnasium,
388 674 481 731 autin
503 673 592 731 forum
609 672 737 741 venerit;
762 692 826 730 cum
842 671 936 730 videat
947 692 1008 731 cm·

177 754 258 813 nium
272 774 366 813 renum
381 754 528 820 lationem,
543 753 670 820 modum,
685 751 860 829 disciplinam
875 773 929 812 non
945 773 1008 831 pos·

179 836 215 892 sit
229 855 262 893 ea
277 835 336 893 sinc
349 854 432 892 causa
445 833 504 891 fieri
514 832 650 910 judicare,
673 832 721 897 sed
741 853 799 891 esse
819 834 940 909 aliquem
963 834 1008 891 in.

177 916 294 992 telligat‚
309 915 358 991 qui
371 913 483 992 praesit,
504 925 533 971 ct
547 914 590 972 cui
602 924 746 989 pareatur:
773 913 964 990 multomagis
979 914 1009 971 in

179 996 268 1053 tantis
277 996 447 1053 motionibus
454 994 596 1071 tantisque
607 993 853 1061 vicissitudinibus,
865 1002 923 1051 tam
934 993 1011 1052 mul.

179 1089 273 1133 tarum
288 1094 380 1133 rerum
391 1083 477 1151 atque
489 1084 631 1133 tantarum
646 1073 796 1142 ordinibus,
812 1074 954 1150 inquibus
965 1074 1009 1133 ni-

179 1156 221 1213 hil
237 1176 360 1231 unquam
375 1156 512 1214 immensa
526 1164 554 1214 et
564 1154 676 1214 infinita
691 1163 815 1214 vetustas
828 1155 948 1215 mentita
962 1155 1008 1223 sit,

179 1245 286 1295 statuat
300 1256 407 1295 necesse
421 1245 474 1306 est,
492 1238 530 1295 ab
549 1236 647 1313 aliqua
666 1245 761 1294 mente
781 1244 872 1295 tantas
893 1248 1009 1305 natumc

179 1328 272 1377 nictus
287 1318 441 1395 gubernati.
557 1373 560 1378 .

220 1399 275 1456 Vl.
297 1399 469 1477 Chrysippus
483 1399 607 1477 quidem,
630 1409 795 1476 quanquam
814 1407 857 1457 est
877 1398 1018 1458 acerrimo.

178 1480 297 1556 ingenio,
322 1489 416 1538 tamen
430 1500 464 1538 ea
477 1479 557 1550 dicit,
578 1489 611 1539 ut
625 1481 660 1538 ab
674 1480 735 1557 ipsa
750 1489 852 1538 natura
871 1478 1007 1548 didicisse,

178 1577 234 1617 ncn
249 1570 282 1617 ut
297 1560 349 1637 ipsi
363 1560 493 1637 reperisse
509 1561 647 1618 videatur.
687 1559 722 1617 Si
735 1559 822 1628 enim,
844 1559 946 1636 inquit,
968 1570 1010 1619 est

178 1639 285 1715 aliquid
299 1641 328 1697 in
346 1661 439 1698 icium
454 1650 565 1707 natura,
586 1640 661 1716 qucd
681 1637 803 1699 huminis
825 1658 914 1708 mens,
935 1640 1010 1717 quud

178 1722 259 1786 ratio,
281 1720 356 1796 quod
376 1721 430 1788 ¹uis,
452 1720 526 1796 quod
539 1728 660 1797 potestas
680 1721 806 1780 humana
826 1720 932 1787 efficere
953 1740 1009 1780 non

178 1799 264 1878 possit
275 1822 284 1869 ;
306 1811 348 1859 est
359 1810 432 1859 cas‘ce
445 1800 484 1871 id,
499 1800 573 1877 quo'd
584 1800 656 1858 illud
666 1800 761 1868 efficit,
776 1801 889 1860 humine
900 1802 1008 1860 melius.

180 1882 270 1958 Atqui
286 1902 328 1941 res
342 1882 479 1950 coelestes,
502 1900 652 1958 omnesque
676 1902 733 1948 eae,
754 1901 872 1958 quarum
887 1883 1008 1942 estoldo

179 1963 372 2040 sempiternus,
397 1964 432 2021 ab
455 1963 568 2022 homine
593 1962 689 2024 confici
713 1969 914 2040 non'pcssunt.
956 1965 1008 2024 Est

179 2044 265 2121 igitur
278 2044 316 2112 id,
339 2050 393 2120 quo
407 2044 456 2102 illa
470 2043 664 2113 conficiuntur,
686 2042 801 2102 homine
821 2044 930 2103 melius.
974 2045 1008 2104 ld

177 2132 274 2183 aulem
295 2125 364 2201 quid
383 2125 476 2203 potius
497 2124 609 2194 dixeris,
623 2144 717 2201 -quam
739 2123 848 2183 deum?
893 2126 1007 2186 Etenim

178 2205 201 2261 si
217 2205 254 2262 dii
270 2225 326 2263 non
341 2216 416 2274 sunt,
432 2206 572 2281 quidesse
585 2214 677 2283 potest
690 2205 720 2263 in
735 2225 827 2264 rerum
842 2214 942 2266 natura
956 2208 1008 2268 hc-

178 2285 255 2343 mine
268 2286 392 2344 melius?
436 2288 472 2344 ln
485 2308 517 2345 eo
531 2286 607 2345 enim
622 2287 677 2346 solu
692 2287 763 2345 ialin
784 2296 837 2357 est,
858 2308 915 2363 qua
935 2288 1007 2347 nihil

178 2374 270 2441 potcst
283 2386 341 2423 esse
355 2367 549 2444 praestantius.
591 2368 659 2426 Essa
672 2376 769 2426 autem
782 2367 936 2438 hominem,
956 2369 1006 2445 qui

179 2445 251 2502 nihil
264 2446 294 2502 in
308 2447 385 2504 omni
398 2446 504 2506 mundo
518 2447 619 2506 melius
632 2467 690 2507 esse
703 2469 787 2525 quam
803 2469 831 2506 sc
845 2459 935 2526 putet,
957 2450 1006 2508 de.

178 2525 305 2603 alpientis
328 2530 500 2605 arrogantiae
520 2538 571 2586 est.
614 2528 686 2606 Ergo
708 2538 749 2587 ast
769 2530 877 2606 aliquid
896 2531 1005 2590 melius.

181 2606 232 2665 Est
249 2606 335 2683 igitur
347 2609 466 2686 piulecto
479 2606 557 2667 deus.
923 2675 927 2680 ,

220 2690 268 2746 An
284 2709 357 2758 vero,
375 2690 397 2747 si
411 2689 529 2748 domum
543 2710 675 2769 magnam
689 2692 894 2769 pulchiamque
905 2692 1005 2751 vidcn's

178 2786 233 2826 non
248 2770 335 2847 possis
347 2770 457 2838 adduci,
472 2781 514 2841 ut,
532 2772 619 2832 etiam
633 2773 657 2831 si
671 2772 817 2829 dominum
831 2791 887 2831 nun
900 2772 1003 2843 videas,

178 2850 305 2908 muribus
315 2851 393 2909 illam
403 2861 432 2910 et
444 2853 571 2912 mustelis
580 2852 754 2912 aedificatam
768 2860 869 2929 pules:
892 2863 1004 2914 tantum

178 2948 242 2988 vero
256 2942 386 2990 umatum
400 2932 510 3002 mundi,
524 2942 635 2995 tantam
647 2932 810 2991 varietatem
819 2933 1004 3010 pulchritudi-

177 3030 298 3089 nemque
311 3032 404 3071 rerum
419 3012 587 3083 coelestium,
603 3021 713 3072 tantam
721 3012 781 3072 vim
792 3022 821 3072 et
832 3012 1005 3095 magnitud,

176 3109 242 3149 nem
256 3094 342 3151 maris
353 3102 440 3171 atque
453 3103 600 3161 certarum,
622 3093 645 3151 si
659 3102 753 3162 tuum,
774 3112 874 3154 acuon
888 3092 1004 3158 deorum

178 3170 380 3232 immortalium
394 3173 568 3235 domicilium
581 3182 678 3253 pules,
686 3173 878 3249 nunnenlsns
886 3172 1015 3253 desinens

174 3249 307 3311 videare?
350 3255 400 3315 An
421 3276 461 3318 ns
482 3257 540 3322 buc
560 3255 688 3337 quidem
705 3252 922 3334 incellxdxmum
939 3259 1040 3302 amaia

156 3348 261 3407 ’ΨΜ
285 3354 347 3397 0³⁸0
369 3339 520 3404 meliora?
551 3351 673 3404 terrun
694 3346 803 3401 aulem
827 3346 894 3387 esse
914 3319 1040 3376 xxm&
