<?xml version="1.0" encoding="UTF-8"?>
<!DOCTYPE html PUBLIC "-//W3C//DTD XHTML 1.0 Transitional//EN"
    "http://www.w3.org/TR/xhtml1/DTD/xhtml1-transitional.dtd">
<html xmlns="http://www.w3.org/1999/xhtml" xml:lang="en" lang="en">
 <head>
  <title>
</title>
<meta http-equiv="Content-Type" content="text/html;charset=utf-8" />
  <meta name='ocr-system' content='tesseract 3.04.00' />
  <meta name='ocr-capabilities' content='ocr_page ocr_carea ocr_par ocr_line ocrx_word'/>
</head>
<body>
  <div class='ocr_page' id='page_1' title='image "./mtulliiciceroni00schogoog_0051.png"; bbox 0 0 2367 3817; ppageno 0'>
   <div class='ocr_carea' id='block_1_1' title="bbox 171 439 998 497">
    <p class='ocr_par' dir='ltr' id='par_1_1' title="bbox 171 439 998 497">
     <span class='ocr_line' id='line_1_1' title="bbox 171 439 998 497; baseline 0 -1"><span class='ocrx_word' id='word_1_1' title='bbox 171 439 341 497; x_wconf 65' lang='lat' dir='ltr'>cir..ta.tt.</span> <span class='ocrx_word' id='word_1_2' title='bbox 387 442 437 495; x_wconf 72' lang='grc' dir='ltr'>ΠΕ</span> <span class='ocrx_word' id='word_1_3' title='bbox 451 443 795 496; x_wconf 62' lang='lat' dir='ltr'>almumalmum</span> <span class='ocrx_word' id='word_1_4' title='bbox 961 447 998 496; x_wconf 59' lang='lat' dir='ltr'>tbl</span> 
     </span>
    </p>
   </div>
   <div class='ocr_carea' id='block_1_2' title="bbox 166 553 1002 1929">
    <p class='ocr_par' dir='ltr' id='par_1_2' title="bbox 166 553 1000 1122">
     <span class='ocr_line' id='line_1_2' title="bbox 167 553 998 640; baseline -0.005 -20"><span class='ocrx_word' id='word_1_5' title='bbox 167 553 256 640; x_wconf 67' lang='lat' dir='ltr'>gircea,</span> <span class='ocrx_word' id='word_1_6' title='bbox 282 555 352 639; x_wconf 85' lang='lat' dir='ltr'>quae</span> <span class='ocrx_word' id='word_1_7' title='bbox 364 561 417 620; x_wconf 74' lang='lat' dir='ltr'>‘vel</span> <span class='ocrx_word' id='word_1_8' title='bbox 436 558 561 640; x_wconf 80' lang='lat' dir='ltr'>piodes&#39;se</span> <span class='ocrx_word' id='word_1_9' title='bbox 581 559 673 617; x_wconf 78' lang='lat' dir='ltr'>nobis</span> <span class='ocrx_word' id='word_1_10' title='bbox 692 560 790 628; x_wconf 64' lang='lat' dir='ltr'>solent</span> <span class='ocrx_word' id='word_1_11' title='bbox 814 559 860 618; x_wconf 79' lang='lat' dir='ltr'>vel</span> <span class='ocrx_word' id='word_1_12' title='bbox 882 563 998 618; x_wconf 78' lang='lat' dir='ltr'>nocere:</span> 
     </span>
     <span class='ocr_line' id='line_1_3' title="bbox 169 637 1000 721; baseline -0.001 -21"><span class='ocrx_word' id='word_1_13' title='bbox 169 651 234 700; x_wconf 87' lang='lat' dir='ltr'>tum</span> <span class='ocrx_word' id='word_1_14' title='bbox 248 642 373 721; x_wconf 83' lang='lat' dir='ltr'>ingentes</span> <span class='ocrx_word' id='word_1_15' title='bbox 386 637 522 720; x_wconf 81' lang='lat' dir='ltr'>quasdam</span> <span class='ocrx_word' id='word_1_16' title='bbox 534 640 679 717; x_wconf 81' lang='lat' dir='ltr'>imagines,</span> <span class='ocrx_word' id='word_1_17' title='bbox 700 649 859 718; x_wconf 76' lang='lat' dir='ltr'>unusque,</span> <span class='ocrx_word' id='word_1_18' title='bbox 870 650 913 700; x_wconf 55' lang='lat' dir='ltr'>‘ut</span> <span class='ocrx_word' id='word_1_19' title='bbox 933 638 1000 700; x_wconf 55' lang='lat' dir='ltr'>uuiss</span> 
     </span>
     <span class='ocr_line' id='line_1_4' title="bbox 168 717 998 799; baseline -0.004 -19"><span class='ocrx_word' id='word_1_20' title='bbox 168 740 282 781; x_wconf 79' lang='lat' dir='ltr'>versum</span> <span class='ocrx_word' id='word_1_21' title='bbox 296 717 437 787; x_wconf 84' lang='lat' dir='ltr'>mundum</span> <span class='ocrx_word' id='word_1_22' title='bbox 458 717 882 799; x_wconf 64' lang='lat' dir='ltr'>&#39;complectantur&#39;ex‘trinsecua&#39;</span> <span class='ocrx_word' id='word_1_23' title='bbox 918 720 998 788; x_wconf 79' lang='lat' dir='ltr'>Quae</span> 
     </span>
     <span class='ocr_line' id='line_1_5' title="bbox 166 797 999 881; baseline -0.001 -20"><span class='ocrx_word' id='word_1_24' title='bbox 166 804 285 879; x_wconf 86' lang='lat' dir='ltr'>&#39;quidem</span> <span class='ocrx_word' id='word_1_25' title='bbox 299 797 394 864; x_wconf 84' lang='lat' dir='ltr'>omnia</span> <span class='ocrx_word' id='word_1_26' title='bbox 408 811 474 861; x_wconf 86' lang='lat' dir='ltr'>sunt</span> <span class='ocrx_word' id='word_1_27' title='bbox 487 802 578 881; x_wconf 83' lang='lat' dir='ltr'>patrie</span> <span class='ocrx_word' id='word_1_28' title='bbox 599 801 761 868; x_wconf 83' lang='lat' dir='ltr'>Democriti,</span> <span class='ocrx_word' id='word_1_29' title='bbox 786 805 871 879; x_wconf 84' lang='lat' dir='ltr'>quarn</span> <span class='ocrx_word' id='word_1_30' title='bbox 893 801 999 860; x_wconf 82' lang='lat' dir='ltr'>Demo·-</span> 
     </span>
     <span class='ocr_line' id='line_1_6' title="bbox 170 882 998 962; baseline -0.001 -21"><span class='ocrx_word' id='word_1_31' title='bbox 170 884 238 943; x_wconf 90' lang='lat' dir='ltr'>crito</span> <span class='ocrx_word' id='word_1_32' title='bbox 259 884 393 962; x_wconf 80' lang='lat' dir='ltr'>digniora.</span> <span class='ocrx_word' id='word_1_33' title='bbox 436 882 600 949; x_wconf 66' lang='lat' dir='ltr'>Quis&#39;eniin</span> <span class='ocrx_word' id='word_1_34' title='bbox 625 883 692 941; x_wconf 89' lang='lat' dir='ltr'>istas</span> <span class='ocrx_word' id='word_1_35' title='bbox 715 883 851 960; x_wconf 79' lang='lat' dir='ltr'>imagines</span> <span class='ocrx_word' id='word_1_36' title='bbox 875 902 998 961; x_wconf 87' lang='lat' dir='ltr'>compre·</span> 
     </span>
     <span class='ocr_line' id='line_1_7' title="bbox 169 963 997 1042; baseline 0 -21"><span class='ocrx_word' id='word_1_37' title='bbox 169 964 290 1022; x_wconf 88' lang='lat' dir='ltr'>hendere</span> <span class='ocrx_word' id='word_1_38' title='bbox 301 965 394 1023; x_wconf 88' lang='lat' dir='ltr'>animo</span> <span class='ocrx_word' id='word_1_39' title='bbox 402 966 516 1042; x_wconf 86' lang='lat' dir='ltr'>potest?</span> <span class='ocrx_word' id='word_1_40' title='bbox 537 964 600 1040; x_wconf 91' lang='lat' dir='ltr'>quis</span> <span class='ocrx_word' id='word_1_41' title='bbox 607 963 760 1021; x_wconf 81' lang='lat' dir='ltr'>admirari?</span> <span class='ocrx_word' id='word_1_42' title='bbox 776 963 839 1039; x_wconf 88' lang='lat' dir='ltr'>quis</span> <span class='ocrx_word' id='word_1_43' title='bbox 848 972 899 1021; x_wconf 86' lang='lat' dir='ltr'>aut</span> <span class='ocrx_word' id='word_1_44' title='bbox 911 965 997 1031; x_wconf 85' lang='lat' dir='ltr'>cultu,</span> 
     </span>
     <span class='ocr_line' id='line_1_8' title="bbox 170 1038 640 1122; baseline -0.002 -20"><span class='ocrx_word' id='word_1_45' title='bbox 170 1040 221 1102; x_wconf 84' lang='lat' dir='ltr'>aut</span> <span class='ocrx_word' id='word_1_46' title='bbox 234 1038 476 1122; x_wconf 64' lang='lat' dir='ltr'>r&#39;eligione&#39;dignas</span> <span class='ocrx_word' id='word_1_47' title='bbox 482 1040 640 1122; x_wconf 63' lang='lat' dir='ltr'>judicaret</span> 
     </span>
    </p>

    <p class='ocr_par' dir='ltr' id='par_1_3' title="bbox 166 1123 1002 1929">
     <span class='ocr_line' id='line_1_9' title="bbox 213 1123 999 1202; baseline 0.001 -21"><span class='ocrx_word' id='word_1_48' title='bbox 213 1125 351 1202; x_wconf 81' lang='lat' dir='ltr'>Epicurus</span> <span class='ocrx_word' id='word_1_49' title='bbox 364 1145 428 1183; x_wconf 84' lang='lat' dir='ltr'>vero</span> <span class='ocrx_word' id='word_1_50' title='bbox 443 1124 589 1184; x_wconf 82' lang='lat' dir='ltr'>exanimis</span> <span class='ocrx_word' id='word_1_51' title='bbox 603 1124 750 1184; x_wconf 90' lang='lat' dir='ltr'>homiuum</span> <span class='ocrx_word' id='word_1_52' title='bbox 764 1123 999 1183; x_wconf 63' lang='lat' dir='ltr'>extraxit&#39;radicie</span> 
     </span>
     <span class='ocr_line' id='line_1_10' title="bbox 168 1205 1000 1285; baseline -0.001 -22"><span class='ocrx_word' id='word_1_53' title='bbox 168 1216 218 1265; x_wconf 87' lang='lat' dir='ltr'>tus</span> <span class='ocrx_word' id='word_1_54' title='bbox 232 1205 400 1285; x_wconf 86' lang='lat' dir='ltr'>religionem,</span> <span class='ocrx_word' id='word_1_55' title='bbox 423 1225 487 1265; x_wconf 88' lang='lat' dir='ltr'>cum</span> <span class='ocrx_word' id='word_1_56' title='bbox 509 1206 562 1264; x_wconf 86' lang='lat' dir='ltr'>diis</span> <span class='ocrx_word' id='word_1_57' title='bbox 582 1206 787 1266; x_wconf 75' lang='lat' dir='ltr'>immortalibus</span> <span class='ocrx_word' id='word_1_58' title='bbox 812 1214 840 1263; x_wconf 86' lang='lat' dir='ltr'>et</span> <span class='ocrx_word' id='word_1_59' title='bbox 857 1209 945 1284; x_wconf 57' lang='lat' dir='ltr'>&gt;opem</span> <span class='ocrx_word' id='word_1_60' title='bbox 962 1214 1000 1265; x_wconf 78' lang='lat' dir='ltr'>et</span> 
     </span>
     <span class='ocr_line' id='line_1_11' title="bbox 168 1287 999 1367; baseline 0 -22"><span class='ocrx_word' id='word_1_61' title='bbox 168 1287 290 1367; x_wconf 80' lang='lat' dir='ltr'>gratiam</span> <span class='ocrx_word' id='word_1_62' title='bbox 304 1288 425 1346; x_wconf 87' lang='lat' dir='ltr'>sustulit.</span> <span class='ocrx_word' id='word_1_63' title='bbox 468 1288 541 1347; x_wconf 86' lang='lat' dir='ltr'>Cum</span> <span class='ocrx_word' id='word_1_64' title='bbox 556 1288 632 1345; x_wconf 89' lang='lat' dir='ltr'>enim</span> <span class='ocrx_word' id='word_1_65' title='bbox 646 1288 782 1366; x_wconf 85' lang='lat' dir='ltr'>optimam</span> <span class='ocrx_word' id='word_1_66' title='bbox 804 1295 833 1344; x_wconf 87' lang='lat' dir='ltr'>et</span> <span class='ocrx_word' id='word_1_67' title='bbox 857 1297 999 1365; x_wconf 80' lang='lat' dir='ltr'>praestan·</span> 
     </span>
     <span class='ocr_line' id='line_1_12' title="bbox 168 1364 1000 1446; baseline -0.001 -20"><span class='ocrx_word' id='word_1_68' title='bbox 168 1368 309 1426; x_wconf 83' lang='lat' dir='ltr'>tissimam</span> <span class='ocrx_word' id='word_1_69' title='bbox 323 1364 459 1428; x_wconf 83' lang='lat' dir='ltr'>naturam</span> <span class='ocrx_word' id='word_1_70' title='bbox 468 1369 512 1426; x_wconf 92' lang='lat' dir='ltr'>dei</span> <span class='ocrx_word' id='word_1_71' title='bbox 529 1369 597 1426; x_wconf 84' lang='lat' dir='ltr'>dicit</span> <span class='ocrx_word' id='word_1_72' title='bbox 611 1388 678 1437; x_wconf 84' lang='lat' dir='ltr'>esse,</span> <span class='ocrx_word' id='word_1_73' title='bbox 698 1371 782 1446; x_wconf 85' lang='lat' dir='ltr'>negat</span> <span class='ocrx_word' id='word_1_74' title='bbox 801 1366 877 1425; x_wconf 86' lang='lat' dir='ltr'>idern</span> <span class='ocrx_word' id='word_1_75' title='bbox 892 1367 1000 1428; x_wconf 80' lang='lat' dir='ltr'>esseio</span> 
     </span>
     <span class='ocr_line' id='line_1_13' title="bbox 171 1443 1000 1528; baseline -0.001 -22"><span class='ocrx_word' id='word_1_76' title='bbox 171 1448 354 1528; x_wconf 22' lang='lat' dir='ltr'>deo-gratiam</span> <span class='ocrx_word' id='word_1_77' title='bbox 364 1472 373 1518; x_wconf 93' lang='lat'>;</span> <span class='ocrx_word' id='word_1_78' title='bbox 394 1443 469 1508; x_wconf 83' lang='lat' dir='ltr'>tollit</span> <span class='ocrx_word' id='word_1_79' title='bbox 485 1450 528 1518; x_wconf 85' lang='lat' dir='ltr'>id,</span> <span class='ocrx_word' id='word_1_80' title='bbox 550 1449 626 1528; x_wconf 90' lang='lat' dir='ltr'>quod</span> <span class='ocrx_word' id='word_1_81' title='bbox 647 1450 770 1507; x_wconf 84' lang='lat' dir='ltr'>maxime</span> <span class='ocrx_word' id='word_1_82' title='bbox 790 1448 933 1525; x_wconf 85' lang='lat' dir='ltr'>proprium</span> <span class='ocrx_word' id='word_1_83' title='bbox 959 1458 1000 1505; x_wconf 88' lang='lat' dir='ltr'>est</span> 
     </span>
     <span class='ocr_line' id='line_1_14' title="bbox 167 1527 1001 1607; baseline 0.001 -20"><span class='ocrx_word' id='word_1_84' title='bbox 167 1530 292 1607; x_wconf 88' lang='lat' dir='ltr'>optimae</span> <span class='ocrx_word' id='word_1_85' title='bbox 319 1531 625 1607; x_wconf 78' lang='lat' dir='ltr'>praestantissimaeque</span> <span class='ocrx_word' id='word_1_86' title='bbox 652 1539 779 1587; x_wconf 82' lang='lat' dir='ltr'>naturae.</span> <span class='ocrx_word' id='word_1_87' title='bbox 820 1527 895 1595; x_wconf 80' lang='lat' dir='ltr'>Quid</span> <span class='ocrx_word' id='word_1_88' title='bbox 924 1528 1001 1588; x_wconf 87' lang='lat' dir='ltr'>enim</span> 
     </span>
     <span class='ocr_line' id='line_1_15' title="bbox 171 1608 1002 1688; baseline -0.001 -20"><span class='ocrx_word' id='word_1_89' title='bbox 171 1620 213 1669; x_wconf 80' lang='lat' dir='ltr'>est</span> <span class='ocrx_word' id='word_1_90' title='bbox 227 1611 339 1678; x_wconf 88' lang='lat' dir='ltr'>melius,</span> <span class='ocrx_word' id='word_1_91' title='bbox 353 1626 403 1669; x_wconf 86' lang='lat' dir='ltr'>aut</span> <span class='ocrx_word' id='word_1_92' title='bbox 417 1610 486 1686; x_wconf 90' lang='lat' dir='ltr'>quid</span> <span class='ocrx_word' id='word_1_93' title='bbox 499 1610 685 1688; x_wconf 83' lang='lat' dir='ltr'>praestantius</span> <span class='ocrx_word' id='word_1_94' title='bbox 702 1609 826 1680; x_wconf 85' lang='lat' dir='ltr'>bonitate</span> <span class='ocrx_word' id='word_1_95' title='bbox 846 1618 877 1667; x_wconf 89' lang='lat' dir='ltr'>et</span> <span class='ocrx_word' id='word_1_96' title='bbox 895 1608 1002 1668; x_wconf 76' lang='lat' dir='ltr'>benefi-</span> 
     </span>
     <span class='ocr_line' id='line_1_16' title="bbox 171 1687 1001 1767; baseline -0.002 -18"><span class='ocrx_word' id='word_1_97' title='bbox 171 1692 286 1749; x_wconf 82' lang='lat' dir='ltr'>centia?</span> <span class='ocrx_word' id='word_1_98' title='bbox 308 1711 365 1767; x_wconf 88' lang='lat' dir='ltr'>qua</span> <span class='ocrx_word' id='word_1_99' title='bbox 381 1687 449 1748; x_wconf 84' lang='lat' dir='ltr'>curn</span> <span class='ocrx_word' id='word_1_100' title='bbox 461 1710 551 1749; x_wconf 86' lang='lat' dir='ltr'>carere</span> <span class='ocrx_word' id='word_1_101' title='bbox 571 1689 656 1749; x_wconf 88' lang='lat' dir='ltr'>deum</span> <span class='ocrx_word' id='word_1_102' title='bbox 671 1689 767 1757; x_wconf 82' lang='lat' dir='ltr'>vultis,</span> <span class='ocrx_word' id='word_1_103' title='bbox 786 1688 928 1748; x_wconf 80' lang='lat' dir='ltr'>neminem</span> <span class='ocrx_word' id='word_1_104' title='bbox 945 1688 1001 1747; x_wconf 21' lang='lat' dir='ltr'>ideo</span> 
     </span>
     <span class='ocr_line' id='line_1_17' title="bbox 167 1769 1001 1849; baseline -0.002 -20"><span class='ocrx_word' id='word_1_105' title='bbox 167 1786 222 1829; x_wconf 80' lang='lat' dir='ltr'>mec</span> <span class='ocrx_word' id='word_1_106' title='bbox 244 1770 329 1849; x_wconf 87' lang='lat' dir='ltr'>deum</span> <span class='ocrx_word' id='word_1_107' title='bbox 351 1791 401 1829; x_wconf 89' lang='lat' dir='ltr'>nec</span> <span class='ocrx_word' id='word_1_108' title='bbox 426 1770 569 1829; x_wconf 87' lang='lat' dir='ltr'>bominem</span> <span class='ocrx_word' id='word_1_109' title='bbox 595 1788 699 1839; x_wconf 87' lang='lat' dir='ltr'>carum,</span> <span class='ocrx_word' id='word_1_110' title='bbox 737 1770 880 1828; x_wconf 71' lang='lat' dir='ltr'>neminem</span> <span class='ocrx_word' id='word_1_111' title='bbox 902 1769 943 1829; x_wconf 71' lang='lat' dir='ltr'>[ab</span> <span class='ocrx_word' id='word_1_112' title='bbox 970 1789 1001 1827; x_wconf 88' lang='lat' dir='ltr'>eo</span> 
     </span>
     <span class='ocr_line' id='line_1_18' title="bbox 166 1848 1000 1929; baseline -0.001 -18"><span class='ocrx_word' id='word_1_113' title='bbox 166 1852 270 1922; x_wconf 79' lang='lat' dir='ltr'>amari,</span> <span class='ocrx_word' id='word_1_114' title='bbox 285 1852 426 1909; x_wconf 89' lang='lat' dir='ltr'>neminem</span> <span class='ocrx_word' id='word_1_115' title='bbox 443 1851 521 1929; x_wconf 85' lang='lat' dir='ltr'>diligi</span> <span class='ocrx_word' id='word_1_116' title='bbox 536 1852 630 1909; x_wconf 80' lang='lat' dir='ltr'>vultis</span> <span class='ocrx_word' id='word_1_117' title='bbox 650 1848 653 1856; x_wconf 76' lang='grc'><em>’</em></span> <span class='ocrx_word' id='word_1_118' title='bbox 674 1850 774 1919; x_wconf 73' lang='lat' dir='ltr'>Item,</span> <span class='ocrx_word' id='word_1_119' title='bbox 791 1860 829 1910; x_wconf 84' lang='lat' dir='ltr'>ut</span> <span class='ocrx_word' id='word_1_120' title='bbox 843 1871 898 1909; x_wconf 91' lang='lat' dir='ltr'>non</span> <span class='ocrx_word' id='word_1_121' title='bbox 918 1852 1000 1910; x_wconf 88' lang='lat' dir='ltr'>modo</span> 
     </span>
    </p>
   </div>
   <div class='ocr_carea' id='block_1_3' title="bbox 165 1931 1000 2415">
    <p class='ocr_par' dir='ltr' id='par_1_4' title="bbox 166 1931 999 2094">
     <span class='ocr_line' id='line_1_19' title="bbox 166 1931 999 2010; baseline -0.002 -18"><span class='ocrx_word' id='word_1_122' title='bbox 166 1934 299 1992; x_wconf 78' lang='lat' dir='ltr'>bomines</span> <span class='ocrx_word' id='word_1_123' title='bbox 313 1954 330 1992; x_wconf 85' lang='lat' dir='ltr'>a</span> <span class='ocrx_word' id='word_1_124' title='bbox 344 1933 406 2003; x_wconf 88' lang='lat' dir='ltr'>diis,</span> <span class='ocrx_word' id='word_1_125' title='bbox 421 1932 469 1989; x_wconf 89' lang='lat' dir='ltr'>sed</span> <span class='ocrx_word' id='word_1_126' title='bbox 483 1932 535 2010; x_wconf 86' lang='lat' dir='ltr'>ipsi</span> <span class='ocrx_word' id='word_1_127' title='bbox 549 1932 590 1990; x_wconf 88' lang='lat' dir='ltr'>dii</span> <span class='ocrx_word' id='word_1_128' title='bbox 603 1931 676 1991; x_wconf 72' lang='lat' dir='ltr'>in&#39;t‘er</span> <span class='ocrx_word' id='word_1_129' title='bbox 690 1932 781 1991; x_wconf 22' lang='lat' dir='ltr'>*se-fab</span> <span class='ocrx_word' id='word_1_130' title='bbox 799 1932 862 1991; x_wconf 80' lang='lat' dir='ltr'>aliis</span> <span class='ocrx_word' id='word_1_131' title='bbox 882 1932 929 1993; x_wconf 84' lang='lat' dir='ltr'>alii</span> <span class='ocrx_word' id='word_1_132' title='bbox 951 1952 999 1991; x_wconf 89' lang='lat' dir='ltr'>ne·</span> 
     </span>
     <span class='ocr_line' id='line_1_20' title="bbox 169 2012 661 2094; baseline 0 -22"><span class='ocrx_word' id='word_1_133' title='bbox 169 2016 319 2094; x_wconf 84' lang='lat' dir='ltr'>gligantur.</span> <span class='ocrx_word' id='word_1_134' title='bbox 349 2043 356 2055; x_wconf 60' lang='grc'><strong>»</strong></span> <span class='ocrx_word' id='word_1_135' title='bbox 409 2090 411 2093; x_wconf 13' lang='lat'>⁸</span> <span class='ocrx_word' id='word_1_136' title='bbox 659 2012 661 2016; x_wconf 70' lang='grc'><strong>’</strong></span> 
     </span>
    </p>

    <p class='ocr_par' dir='ltr' id='par_1_5' title="bbox 165 2094 1000 2415">
     <span class='ocr_line' id='line_1_21' title="bbox 167 2094 1000 2171; baseline -0.006 -18"><span class='ocrx_word' id='word_1_137' title='bbox 167 2133 171 2139; x_wconf 93' lang='grc'>-</span> <span class='ocrx_word' id='word_1_138' title='bbox 214 2097 326 2154; x_wconf 85' lang='lat' dir='ltr'>XLIV.</span> <span class='ocrx_word' id='word_1_139' title='bbox 347 2094 459 2161; x_wconf 84' lang='lat' dir='ltr'>Quanto</span> <span class='ocrx_word' id='word_1_140' title='bbox 473 2095 560 2154; x_wconf 82' lang='lat' dir='ltr'>Stoici</span> <span class='ocrx_word' id='word_1_141' title='bbox 575 2095 687 2163; x_wconf 79' lang='lat' dir='ltr'>melina,</span> <span class='ocrx_word' id='word_1_142' title='bbox 709 2094 758 2171; x_wconf 87' lang='lat' dir='ltr'>qui</span> <span class='ocrx_word' id='word_1_143' title='bbox 779 2095 888 2153; x_wconf 70' lang='lat' dir='ltr'>arabis</span> <span class='ocrx_word' id='word_1_144' title='bbox 908 2115 1000 2171; x_wconf 83' lang='lat' dir='ltr'>repre.</span> 
     </span>
     <span class='ocr_line' id='line_1_22' title="bbox 166 2175 999 2254; baseline -0.002 -19"><span class='ocrx_word' id='word_1_145' title='bbox 166 2177 381 2235; x_wconf 74' lang='lat' dir='ltr'>bendunturi-</span> <span class='ocrx_word' id='word_1_146' title='bbox 404 2177 525 2234; x_wconf 84' lang='lat' dir='ltr'>Censent</span> <span class='ocrx_word' id='word_1_147' title='bbox 544 2185 651 2245; x_wconf 88' lang='lat' dir='ltr'>autem,</span> <span class='ocrx_word' id='word_1_148' title='bbox 673 2175 809 2254; x_wconf 82' lang='lat' dir='ltr'>sapientes</span> <span class='ocrx_word' id='word_1_149' title='bbox 830 2176 999 2253; x_wconf 78' lang='lat' dir='ltr'>sapientibus</span> 
     </span>
     <span class='ocr_line' id='line_1_23' title="bbox 165 2249 1000 2337; baseline -0.001 -22"><span class='ocrx_word' id='word_1_150' title='bbox 165 2249 257 2337; x_wconf 75' lang='lat' dir='ltr'>etiarn</span> <span class='ocrx_word' id='word_1_151' title='bbox 272 2250 452 2337; x_wconf 66' lang='lat' dir='ltr'>ignotisffesse</span> <span class='ocrx_word' id='word_1_152' title='bbox 474 2258 586 2316; x_wconf 78' lang='lat' dir='ltr'>amicos.</span> <span class='ocrx_word' id='word_1_153' title='bbox 630 2258 713 2315; x_wconf 89' lang='lat' dir='ltr'>Nihil</span> <span class='ocrx_word' id='word_1_154' title='bbox 738 2269 780 2315; x_wconf 85' lang='lat' dir='ltr'>est</span> <span class='ocrx_word' id='word_1_155' title='bbox 805 2256 1000 2316; x_wconf 76' lang='lat' dir='ltr'>enimvirtute</span> 
     </span>
     <span class='ocr_line' id='line_1_24' title="bbox 167 2338 999 2415; baseline -0.002 -18"><span class='ocrx_word' id='word_1_156' title='bbox 167 2339 336 2397; x_wconf 81' lang='lat' dir='ltr'>amabilius:</span> <span class='ocrx_word' id='word_1_157' title='bbox 359 2357 444 2413; x_wconf 87' lang='lat' dir='ltr'>quam</span> <span class='ocrx_word' id='word_1_158' title='bbox 466 2338 515 2414; x_wconf 89' lang='lat' dir='ltr'>qui</span> <span class='ocrx_word' id='word_1_159' title='bbox 535 2338 653 2415; x_wconf 83' lang='lat' dir='ltr'>adeptus</span> <span class='ocrx_word' id='word_1_160' title='bbox 672 2339 734 2407; x_wconf 88' lang='lat' dir='ltr'>erit,</span> <span class='ocrx_word' id='word_1_161' title='bbox 757 2339 926 2414; x_wconf 88' lang='lat' dir='ltr'>ubicumque</span> <span class='ocrx_word' id='word_1_162' title='bbox 947 2338 999 2395; x_wconf 85' lang='lat' dir='ltr'>erit</span> 
     </span>
    </p>
   </div>
   <div class='ocr_carea' id='block_1_4' title="bbox 161 2418 1066 3391">
    <p class='ocr_par' dir='ltr' id='par_1_6' title="bbox 161 2418 1066 3391">
     <span class='ocr_line' id='line_1_25' title="bbox 172 2418 999 2497; baseline -0.002 -21"><span class='ocrx_word' id='word_1_163' title='bbox 172 2420 342 2497; x_wconf 88' lang='lat' dir='ltr'>gentium,a</span> <span class='ocrx_word' id='word_1_164' title='bbox 361 2418 440 2476; x_wconf 85' lang='lat' dir='ltr'>nobis</span> <span class='ocrx_word' id='word_1_165' title='bbox 456 2418 599 2495; x_wconf 81' lang='lat' dir='ltr'>diligetur.</span> <span class='ocrx_word' id='word_1_166' title='bbox 635 2420 701 2477; x_wconf 64' lang='lat' dir='ltr'>‘Vos</span> <span class='ocrx_word' id='word_1_167' title='bbox 726 2429 821 2477; x_wconf 85' lang='lat' dir='ltr'>autem</span> <span class='ocrx_word' id='word_1_168' title='bbox 843 2418 911 2493; x_wconf 89' lang='lat' dir='ltr'>quid</span> <span class='ocrx_word' id='word_1_169' title='bbox 930 2419 999 2476; x_wconf 88' lang='lat' dir='ltr'>mali</span> 
     </span>
     <span class='ocr_line' id='line_1_26' title="bbox 169 2498 999 2580; baseline -0.007 -23"><span class='ocrx_word' id='word_1_170' title='bbox 169 2500 256 2575; x_wconf 85' lang='lat' dir='ltr'>datis,</span> <span class='ocrx_word' id='word_1_171' title='bbox 271 2518 336 2556; x_wconf 91' lang='lat' dir='ltr'>curn</span> <span class='ocrx_word' id='word_1_172' title='bbox 350 2498 380 2555; x_wconf 89' lang='lat' dir='ltr'>in</span> <span class='ocrx_word' id='word_1_173' title='bbox 394 2499 584 2580; x_wconf 80' lang='lat' dir='ltr'>imbecillitate</span> <span class='ocrx_word' id='word_1_174' title='bbox 599 2500 825 2578; x_wconf 79' lang='lat' dir='ltr'>gratificationem</span> <span class='ocrx_word' id='word_1_175' title='bbox 840 2508 869 2556; x_wconf 90' lang='lat' dir='ltr'>et</span> <span class='ocrx_word' id='word_1_176' title='bbox 880 2500 999 2556; x_wconf 82' lang='lat' dir='ltr'>benere.</span> 
     </span>
     <span class='ocr_line' id='line_1_27' title="bbox 169 2577 998 2661; baseline -0.002 -22"><span class='ocrx_word' id='word_1_177' title='bbox 169 2580 289 2639; x_wconf 88' lang='lat' dir='ltr'>lentiam</span> <span class='ocrx_word' id='word_1_178' title='bbox 303 2579 406 2657; x_wconf 89' lang='lat' dir='ltr'>ponitis</span> <span class='ocrx_word' id='word_1_179' title='bbox 416 2580 430 2661; x_wconf 85' lang='lat'>?¹</span> <span class='ocrx_word' id='word_1_180' title='bbox 471 2580 599 2660; x_wconf 84' lang='lat' dir='ltr'>Utenim</span> <span class='ocrx_word' id='word_1_181' title='bbox 615 2577 744 2640; x_wconf 87' lang='lat' dir='ltr'>omittam</span> <span class='ocrx_word' id='word_1_182' title='bbox 756 2581 815 2637; x_wconf 85' lang='lat' dir='ltr'>vim</span> <span class='ocrx_word' id='word_1_183' title='bbox 826 2588 855 2636; x_wconf 89' lang='lat' dir='ltr'>et</span> <span class='ocrx_word' id='word_1_184' title='bbox 868 2587 998 2637; x_wconf 87' lang='lat' dir='ltr'>naturam</span> 
     </span>
     <span class='ocr_line' id='line_1_28' title="bbox 168 2655 999 2738; baseline -0.001 -19"><span class='ocrx_word' id='word_1_185' title='bbox 168 2662 297 2730; x_wconf 83' lang='lat' dir='ltr'>deorum,</span> <span class='ocrx_word' id='word_1_186' title='bbox 312 2680 348 2718; x_wconf 90' lang='lat' dir='ltr'>ne</span> <span class='ocrx_word' id='word_1_187' title='bbox 361 2655 488 2719; x_wconf 81' lang='lat' dir='ltr'>homines</span> <span class='ocrx_word' id='word_1_188' title='bbox 507 2661 622 2738; x_wconf 87' lang='lat' dir='ltr'>quidem</span> <span class='ocrx_word' id='word_1_189' title='bbox 643 2661 767 2730; x_wconf 86' lang='lat' dir='ltr'>censetis,</span> <span class='ocrx_word' id='word_1_190' title='bbox 789 2660 843 2718; x_wconf 89' lang='lat' dir='ltr'>nisi</span> <span class='ocrx_word' id='word_1_191' title='bbox 866 2659 999 2718; x_wconf 90' lang='lat' dir='ltr'>imbecilli</span> 
     </span>
     <span class='ocr_line' id='line_1_29' title="bbox 173 2740 1000 2820; baseline 0.001 -21"><span class='ocrx_word' id='word_1_192' title='bbox 173 2750 263 2805; x_wconf 87' lang='lat' dir='ltr'>essent</span> <span class='ocrx_word' id='word_1_193' title='bbox 287 2741 396 2800; x_wconf 81' lang='lat' dir='ltr'>futuros</span> <span class='ocrx_word' id='word_1_194' title='bbox 416 2742 549 2801; x_wconf 87' lang='lat' dir='ltr'>beneficos</span> <span class='ocrx_word' id='word_1_195' title='bbox 573 2753 601 2801; x_wconf 91' lang='lat' dir='ltr'>et</span> <span class='ocrx_word' id='word_1_196' title='bbox 623 2744 754 2820; x_wconf 88' lang='lat' dir='ltr'>benignos</span> <span class='ocrx_word' id='word_1_197' title='bbox 774 2740 866 2800; x_wconf 85' lang='lat' dir='ltr'>fuisse.</span> <span class='ocrx_word' id='word_1_198' title='bbox 910 2740 1000 2806; x_wconf 86' lang='lat' dir='ltr'>Nulla</span> 
     </span>
     <span class='ocr_line' id='line_1_30' title="bbox 173 2822 998 2900; baseline 0.001 -21"><span class='ocrx_word' id='word_1_199' title='bbox 173 2833 214 2880; x_wconf 91' lang='lat' dir='ltr'>est</span> <span class='ocrx_word' id='word_1_200' title='bbox 225 2823 323 2881; x_wconf 85' lang='lat' dir='ltr'>caritas</span> <span class='ocrx_word' id='word_1_201' title='bbox 338 2823 473 2881; x_wconf 84' lang='lat' dir='ltr'>naturalis</span> <span class='ocrx_word' id='word_1_202' title='bbox 483 2825 556 2881; x_wconf 89' lang='lat' dir='ltr'>inter</span> <span class='ocrx_word' id='word_1_203' title='bbox 567 2826 673 2882; x_wconf 80' lang='lat' dir='ltr'>bonos?</span> <span class='ocrx_word' id='word_1_204' title='bbox 717 2823 821 2881; x_wconf 85' lang='lat' dir='ltr'>Carum</span> <span class='ocrx_word' id='word_1_205' title='bbox 832 2822 925 2900; x_wconf 83' lang='lat' dir='ltr'>ipsum</span> <span class='ocrx_word' id='word_1_206' title='bbox 938 2844 998 2880; x_wconf 87' lang='lat' dir='ltr'>ver·-</span> 
     </span>
     <span class='ocr_line' id='line_1_31' title="bbox 173 2903 998 2979; baseline -0.001 -18"><span class='ocrx_word' id='word_1_207' title='bbox 173 2905 240 2961; x_wconf 91' lang='lat' dir='ltr'>bum</span> <span class='ocrx_word' id='word_1_208' title='bbox 256 2911 297 2960; x_wconf 88' lang='lat' dir='ltr'>est</span> <span class='ocrx_word' id='word_1_209' title='bbox 311 2904 431 2961; x_wconf 89' lang='lat' dir='ltr'>amoris:</span> <span class='ocrx_word' id='word_1_210' title='bbox 453 2924 488 2961; x_wconf 87' lang='lat' dir='ltr'>ex</span> <span class='ocrx_word' id='word_1_211' title='bbox 509 2925 563 2979; x_wconf 92' lang='lat' dir='ltr'>quo</span> <span class='ocrx_word' id='word_1_212' title='bbox 577 2903 717 2961; x_wconf 85' lang='lat' dir='ltr'>amicitiae</span> <span class='ocrx_word' id='word_1_213' title='bbox 741 2924 843 2961; x_wconf 90' lang='lat' dir='ltr'>nomen</span> <span class='ocrx_word' id='word_1_214' title='bbox 869 2912 910 2960; x_wconf 91' lang='lat' dir='ltr'>est</span> <span class='ocrx_word' id='word_1_215' title='bbox 931 2903 998 2960; x_wconf 88' lang='lat' dir='ltr'>duc-</span> 
     </span>
     <span class='ocr_line' id='line_1_32' title="bbox 173 2983 1000 3060; baseline -0.001 -19"><span class='ocrx_word' id='word_1_216' title='bbox 173 2993 255 3042; x_wconf 90' lang='lat' dir='ltr'>tum:</span> <span class='ocrx_word' id='word_1_217' title='bbox 279 3004 363 3060; x_wconf 91' lang='lat' dir='ltr'>quam</span> <span class='ocrx_word' id='word_1_218' title='bbox 379 2984 401 3041; x_wconf 89' lang='lat' dir='ltr'>si</span> <span class='ocrx_word' id='word_1_219' title='bbox 415 2984 451 3041; x_wconf 89' lang='lat' dir='ltr'>ad</span> <span class='ocrx_word' id='word_1_220' title='bbox 464 2984 586 3042; x_wconf 89' lang='lat' dir='ltr'>fructum</span> <span class='ocrx_word' id='word_1_221' title='bbox 610 2993 737 3041; x_wconf 85' lang='lat' dir='ltr'>nostrum</span> <span class='ocrx_word' id='word_1_222' title='bbox 760 2983 917 3051; x_wconf 87' lang='lat' dir='ltr'>referemus,</span> <span class='ocrx_word' id='word_1_223' title='bbox 944 3004 1000 3040; x_wconf 89' lang='lat' dir='ltr'>non</span> 
     </span>
     <span class='ocr_line' id='line_1_33' title="bbox 172 3063 1001 3142; baseline -0.004 -21"><span class='ocrx_word' id='word_1_224' title='bbox 172 3065 208 3122; x_wconf 89' lang='lat' dir='ltr'>ad</span> <span class='ocrx_word' id='word_1_225' title='bbox 221 3065 296 3122; x_wconf 93' lang='lat' dir='ltr'>illius</span> <span class='ocrx_word' id='word_1_226' title='bbox 322 3064 475 3133; x_wconf 88' lang='lat' dir='ltr'>commoda,</span> <span class='ocrx_word' id='word_1_227' title='bbox 501 3085 584 3141; x_wconf 90' lang='lat' dir='ltr'>quem</span> <span class='ocrx_word' id='word_1_228' title='bbox 609 3064 751 3142; x_wconf 89' lang='lat' dir='ltr'>diligimus</span> <span class='ocrx_word' id='word_1_229' title='bbox 763 3086 772 3133; x_wconf 86' lang='lat'>;</span> <span class='ocrx_word' id='word_1_230' title='bbox 793 3084 849 3123; x_wconf 88' lang='lat' dir='ltr'>non</span> <span class='ocrx_word' id='word_1_231' title='bbox 874 3064 925 3120; x_wconf 87' lang='lat' dir='ltr'>erit</span> <span class='ocrx_word' id='word_1_232' title='bbox 948 3063 1001 3119; x_wconf 85' lang='lat' dir='ltr'>ista</span> 
     </span>
     <span class='ocr_line' id='line_1_34' title="bbox 173 3144 1010 3225; baseline -0.013 -23"><span class='ocrx_word' id='word_1_233' title='bbox 173 3145 305 3215; x_wconf 89' lang='lat' dir='ltr'>amicitia,</span> <span class='ocrx_word' id='word_1_234' title='bbox 323 3145 370 3203; x_wconf 84' lang='lat' dir='ltr'>sed</span> <span class='ocrx_word' id='word_1_235' title='bbox 384 3154 538 3204; x_wconf 85' lang='lat' dir='ltr'>mercatura</span> <span class='ocrx_word' id='word_1_236' title='bbox 551 3144 689 3221; x_wconf 88' lang='lat' dir='ltr'>quaedam</span> <span class='ocrx_word' id='word_1_237' title='bbox 703 3145 868 3203; x_wconf 82' lang='lat' dir='ltr'>utilitatum</span> <span class='ocrx_word' id='word_1_238' title='bbox 877 3161 1010 3225; x_wconf 52' lang='lat' dir='ltr'>suanum.</span> 
     </span>
     <span class='ocr_line' id='line_1_35' title="bbox 173 3220 1036 3307; baseline -0.006 -22"><span class='ocrx_word' id='word_1_239' title='bbox 173 3227 263 3293; x_wconf 79' lang='lat' dir='ltr'>Prata,</span> <span class='ocrx_word' id='word_1_240' title='bbox 289 3235 412 3295; x_wconf 79' lang='lat' dir='ltr'>eterra,</span> <span class='ocrx_word' id='word_1_241' title='bbox 437 3236 466 3285; x_wconf 87' lang='lat' dir='ltr'>et</span> <span class='ocrx_word' id='word_1_242' title='bbox 491 3226 636 3306; x_wconf 88' lang='lat' dir='ltr'>pecudum</span> <span class='ocrx_word' id='word_1_243' title='bbox 662 3247 762 3307; x_wconf 80' lang='lat' dir='ltr'>greges</span> <span class='ocrx_word' id='word_1_244' title='bbox 786 3220 1036 3297; x_wconf 36' lang='lat' dir='ltr'>burgiam&amp;</span> 
     </span>
     <span class='ocr_line' id='line_1_36' title="bbox 161 3297 1066 3391; baseline -0.027 -30"><span class='ocrx_word' id='word_1_245' title='bbox 161 3305 253 3373; x_wconf 82' lang='lat' dir='ltr'>modo,</span> <span class='ocrx_word' id='word_1_246' title='bbox 283 3306 358 3383; x_wconf 83' lang='lat' dir='ltr'>quod</span> <span class='ocrx_word' id='word_1_247' title='bbox 385 3308 496 3370; x_wconf 77' lang='lat' dir='ltr'>fructus</span> <span class='ocrx_word' id='word_1_248' title='bbox 520 3332 560 3372; x_wconf 88' lang='lat' dir='ltr'>ex</span> <span class='ocrx_word' id='word_1_249' title='bbox 585 3311 631 3372; x_wconf 83' lang='lat' dir='ltr'>eia</span> <span class='ocrx_word' id='word_1_250' title='bbox 658 3310 835 3391; x_wconf 79' lang='lat' dir='ltr'>capiuntur.</span> <span class='ocrx_word' id='word_1_251' title='bbox 876 3297 1066 3351; x_wconf 60' lang='lat' dir='ltr'>memma</span> 
     </span>
    </p>
   </div>
   <div class='ocr_carea' id='block_1_5' title="bbox 0 0 1191 3817">
    <p class='ocr_par' dir='ltr' id='par_1_7' title="bbox 0 0 1191 3817">
     <span class='ocr_line' id='line_1_37' title="bbox 0 0 1191 3817; baseline 0 0"><span class='ocrx_word' id='word_1_252' title='bbox 0 0 1191 3817; x_wconf 95' lang='lat' dir='ltr'> </span> 
     </span>
    </p>
   </div>
  </div>
 </body>
</html>
