2367 3817
160 454 225 508 Car·
237 460 332 520 ³8‚³9.
377 460 427 509 DE
445 460 598 511 NATURA
616 462 783 513 DEORUM.
941 464 989 512 m

229 570 341 627 Quinam
352 570 560 621 Tantalidum
552 573 714 622 mtarneoioni
724 573 813 621 modus

229 636 357 687 Paretur?
371 638 427 687 Aut
438 653 561 701 quaenam
571 655 682 702 unquam
693 641 724 687 ob
735 646 840 689 mortem
852 637 949 703 Myrtili

159 758 164 764 ⁵
230 702 321 752 Poenis
332 705 429 753 luendis
440 705 539 754 dabitur
549 706 627 755 satias
637 706 772 769 supplicii?

161 800 270 858 Utrum
284 802 383 877 poe'tae
397 798 502 860 Stoicos
525 800 711 879 depravarint,
736 821 772 859 an
787 802 872 861 Stoici
896 806 987 881 poetis

159 879 287 939 dederint
299 880 504 952 auctoritatem,
524 902 581 940 non
601 882 680 940 facile
700 881 837 941 dixerim.
860 893 988 977 portenta

158 960 279 1018 enimet
292 961 378 1038 flagit
371 982 398 1019 ra
358 964 453 1020 tab
473 962 599 1039 utrisque
619 962 716 1020 dicunt
705 970 766 1021 t:ur
789 982 880 1055 neque
899 966 986 1034 enim,

159 1059 245 1118 quem
260 1041 443 1118 Hipponactis
456 1041 566 1101 iambus
579 1044 705 1111 laeserat,
729 1052 780 1101 aut
793 1044 842 1119 qui
855 1054 914 1103 erat
902 1046 987 1103 tAr·

161 1121 279 1181 chilochi
291 1142 372 1181 versu
383 1124 556 1192 vulneratus,
578 1123 659 1182 adeo
681 1124 840 1182 immissum
854 1123 985 1193 dolorem,

160 1221 216 1261 non
230 1212 394 1279 conceptum
407 1224 425 1261 a
438 1223 467 1261 sa
480 1202 548 1281 ipso,
573 1203 749 1262 continebat:
772 1224 832 1273 nec,
847 1224 912 1263 cum
928 1207 999 1264 Aea

161 1281 247 1359 gisthi
269 1282 425 1352 libidinem,
446 1293 496 1342 aut
512 1303 577 1342 cum
602 1283 708 1343 Paridis
732 1285 869 1355 videmus,
895 1307 913 1344 a
935 1286 987 1345 deo

160 1382 272 1423 causam
285 1364 461 1439 requirimus,
483 1384 548 1423 cum
562 1365 659 1442 culpae
679 1384 766 1441 paene
780 1383 876 1423 vocem
889 1366 986 1425 audia-

159 1462 243 1504 mus.
263 1463 314 1502 nec
328 1464 377 1521 ego
392 1446 548 1503 multorum
570 1464 715 1521 aegrorum
735 1446 855 1504 salutem
875 1466 931 1504 non
951 1448 987 1504 ab

162 1522 330 1603 Hippocrate
343 1524 445 1602 potius,
470 1544 556 1600 quam
570 1526 606 1582 ab
621 1524 787 1603 Aesculapio
801 1525 849 1583 dat
838 1535 896 1585 tam
906 1526 988 1604 judi.

161 1622 209 1663 co.
233 1625 284 1663 nec
310 1605 592 1664 Lacedaemoniorum
615 1604 790 1683 disciplinam
815 1606 907 1665 dicam
931 1628 987 1665 un-

160 1704 247 1761 quam
259 1687 296 1744 ab
311 1686 440 1762 Apolline
454 1685 546 1779 pptius
560 1686 685 1764 Spartae,
711 1706 797 1763 quam
820 1707 838 1745 a
859 1689 988 1765 Lycurgo

159 1764 286 1825 datam'
308 1766 986 1842 Critolaus,1nquam,cve1t1t(lor1nthum(lar-

160 1845 306 1924 thsginem
320 1810 469 1905 Asdrubal.
512 1847 553 1904 Hi
567 1847 622 1905 duo
636 1847 696 1905 illos
710 1848 802 1906 oculos
816 1868 878 1906 orae
899 1848 987 1907 mari-

160 1925 247 1985 timae
270 1926 433 1996 effoderunt,
457 1947 514 1985 non
535 1927 623 1987 iratus
647 1927 739 1997 alicui,
765 1948 849 2005 quem
872 1929 985 1988 omnino

159 2005 239 2066 irasci
253 2027 330 2083 posse
342 2009 459 2083 negatis,
474 2008 559 2067 deuse

201 2086 347 2143 XXXIX.
370 2088 412 2145 At
425 2088 571 2147 subvenire
587 2097 659 2145 certe
673 2086 764 2165 potuit
778 2098 807 2147 et
828 2109 986 2149 conservare

160 2167 242 2226 urbes
252 2175 345 2226 tantas
354 2177 439 2245 atque
450 2167 527 2227 tales.
563 2168 623 2227 Vos
634 2169 709 2226 enim
720 2170 772 2246 ipsi
783 2169 871 2228 dicere
882 2172 984 2241 soletis,

159 2247 231 2306 nihil
245 2268 302 2308 esse
317 2249 391 2326 quod
412 2249 479 2307 deus
500 2248 607 2307 afficere
627 2269 683 2308 non
703 2250 798 2327 possit,
821 2259 849 2309 et
871 2251 986 2327 quidem

160 2327 220 2387 sine
232 2328 324 2386 labore
338 2330 414 2398 ullo;
436 2337 469 2386 ut
483 2329 559 2387 enim
579 2329 728 2388 hominum
749 2332 884 2397 membra,
905 2332 985 2390 nulla

160 2408 344 2480 contentione,
358 2417 453 2467 menta
467 2409 526 2501 ipsa
539 2430 571 2467 ac
581 2410 710 2469 volun
669 2418 922 2468 ttemoveantur·
946 2412 984 2470 sic

158 2490 277 2549 numine
287 2489 402 2549 deorum
413 2489 507 2548 omnia
516 2489 594 2567 fingi,
604 2490 709 2548 moveri
710 2490 887 2567 ,mutarique
898 2511 984 2567 posse

161 2569 263 2647 Neque
277 2569 304 2627 id
319 2570 411 2629 dicitis
425 2570 556 2647 superstit
557 2571 612 2628 iosa
626 2579 655 2628 at
656 2590 710 2646 que
723 2571 842 2638 aniliter,
852 2570 897 2628 sad
909 2571 986 2649 phy.

159 2648 215 2711 sica
228 2651 420 2727 constantique
432 2650 558 2709 ratione.
580 2651 727 2709 materiam
741 2651 817 2708 enim
831 2670 933 2722 rerum,
949 2672 985 2711 ex

158 2751 214 2809 qus
227 2742 256 2791 et
269 2732 299 2790 in
313 2753 369 2809 qua
389 2732 483 2796 omnia
503 2730 570 2799 sint,
592 2740 682 2789 totam
702 2751 759 2789 esse
780 2731 932 2791 flexibilem
955 2743 985 2792 et

158 2814 395 2879 commutabilem,
409 2822 443 2871 ut
456 2812 528 2870 nihil
542 2812 587 2882 sit,
604 2811 678 2887 quod
697 2831 753 2870 non
775 2831 810 2869 ex
830 2832 863 2871 ea
883 2833 985 2906 quam-

158 2892 201 2951 vis
214 2893 306 2952 subito
320 2892 388 2971 fingi
403 2892 579 2968 convertique
592 2891 698 2969 possit:
719 2892 780 2969 ejus
799 2901 895 2951 autem
919 2894 986 2952 uni.

157 2993 252 3033 ‚versae
260 2972 403 3044 fictricem,
415 2983 443 3032 et
453 2972 675 3042 moderatricem,
687 2970 812 3032 divinam
823 2992 880 3031 esse
890 2974 985 3050 provi.

158 3051 301 3113 dentiam·
323 3054 417 3112 hanc'
410 3053 505 3132 igitur,
517 3073 693 3130 quocumque
704 3071 732 3111 se
744 3061 864 3121 moveat,
878 3054 984 3111 efficere

157 3153 244 3209 posse,
259 3134 396 3211 quidquid
413 3134 490 3193 velit.
533 3135 633 3211 Itaque
646 3142 696 3192 aut
715 3133 812 3203 nescit,
833 3132 901 3227 quid
921 3153 983 3210 pos-

158 3210 215 3281 sit;
235 3224 285 3273 aut
293 3213 407 3292 negligit
417 3234 459 3274 res
467 3215 624 3285 humanas;
640 3223 700 3284 aut,
711 3213 778 3290 quid
788 3214 824 3272 sit
834 3213 984 3291 optimum
