2367 3817
178 462 245 516 cn.
260 459 353 523 mia.
407 460 457 510 nu
482 460 640 512 uacuae
665 460 837 514 nanuum.
960 463 1006 513 125

178 574 273 651 dique
285 584 363 653 parte
384 594 500 633 eorum:
523 576 626 634 horum
645 585 743 635 autem
766 576 839 634 nihil
852 584 915 653 ¹eat,
940 576 1008 653 quin

172 656 304 715 -mteroat
349 655 428 714 Nam
443 665 471 715 et
485 666 628 715 terrenum
641 677 723 715 omne
738 657 883 723 dividitur,
911 666 940 716 et
953 658 1008 716 hu-

178 756 240 795 mor
254 737 295 795 ita
308 736 400 805 mollia
412 746 465 804 est,
486 747 520 796 ut
533 737 612 797 facile
626 737 770 815 comprimi
784 738 931 814 collidique
944 758 1009 815 poa-

171 817 224 879 ait.
265 818 343 895 Ignis
356 838 431 886 vero,
446 827 475 876 et
489 819 547 888 aer,
562 818 639 877 omni
650 818 773 896 impulsu
784 818 914 877 facillime
926 820 1006 896 pelli.

172 910 234 967 tur,
260 908 416 975 natumque
443 900 541 958 cedens
570 910 612 959 est
632 899 756 958 maximo
781 908 810 960 at
833 898 1008 976 dissipabilia.

174 980 321 1040 Praeterea
334 980 429 1039 omnia
441 981 510 1039 haec
523 990 587 1040 tum
608 980 759 1048 intereunt,
785 999 849 1038 cum
872 979 902 1037 in
922 989 1008 1040 natu-

177 1061 344 1120 camaliam
372 1071 592 1120 convertuntur:
622 1062 697 1138 quod
720 1061 762 1130 fit,
792 1080 856 1120 oum
881 1069 953 1120 tona
976 1061 1008 1119 in

171 1161 279 1218 ,aquam
290 1162 319 1201 se
330 1142 423 1212 vertit,
439 1152 468 1202 et
479 1162 544 1202 cum
555 1163 590 1200 ex
600 1162 674 1219 aque
684 1142 772 1202 oritur
781 1145 840 1211 aar,
855 1150 883 1200 et
896 1161 960 1202 oum
972 1161 1007 1202 ax

172 1227 240 1283 ae're
253 1224 358 1291 aether,
372 1243 492 1301 eumque
506 1224 604 1282 eadem
619 1223 741 1284 vicissim
755 1232 826 1282 retro
838 1231 1004 1282 commeant.

170 1302 260 1384 lQuod
273 1304 296 1363 si
310 1325 343 1363 aa
356 1304 503 1375 intereant,
530 1326 565 1363 ex
586 1306 689 1382 quibus
710 1313 815 1364 constet
840 1324 922 1364 omna
944 1305 1006 1366 ani·

173 1386 245 1453 mal,
260 1386 372 1445 nullum
386 1396 428 1445 est
441 1387 546 1446 animal
560 1387 771 1463 sempitemum·
865 1420 868 1427 ·

217 1467 308 1525 XIII.
330 1468 377 1535 Et,
392 1476 426 1524 ut
439 1468 507 1526 haec
521 1468 696 1533 omittamus,
710 1473 806 1528 tamen
820 1464 927 1522 animal
938 1464 1006 1526 nul-

176 1547 239 1604 lum
254 1546 373 1604 inveniri
387 1556 486 1622 potest,
508 1545 581 1622 quod
595 1565 685 1622 neque
698 1555 799 1602 natum
813 1564 939 1620 unquam
959 1545 1006 1614 ait,

178 1637 207 1685 et
221 1645 329 1703 semper
343 1626 380 1686 sit
392 1626 529 1686 thturnm
572 1626 664 1685 Omna
686 1625 762 1683 enim
783 1625 887 1685 animal
910 1645 1006 1684 sensus

177 1708 283 1769 habet:
309 1707 399 1766 aentit>
408 1706 494 1784 igitur
507 1716 536 1765 et
550 1706 648 1775 calida,
673 1716 701 1765 et
720 1705 830 1783 frigida,
850 1716 883 1764 et
904 1706 1005 1777 dulcia,

178 1797 208 1846 et
220 1806 335 1856 amara;
356 1806 406 1848 nac
420 1798 510 1865 potest
524 1788 581 1848 ullo
595 1808 676 1847 aenou
685 1787 812 1866 jucunda
825 1787 954 1866 accipere,
977 1798 1020 1846 et*

175 1867 535 1946 nonaooiperecontraria:
563 1869 586 1927 ai
608 1868 695 1947 igitur
718 1869 1013 1946 voluptatia'sensum‘

178 1950 262 2028 capit,
278 1950 382 2010 vdoloris
390 1951 481 2010 etiam
495 1951 588 2028 capit:
620 1950 694 2028 quod
706 1960 802 2015 autem
817 1951 938 2012 dolorem
958 1972 1005 2011 ac-

178 2031 255 2109 cipit,
278 2031 307 2090 id
320 2032 437 2109 accipiat
450 2031 535 2091 etiam
550 2032 697 2093 interitum
711 2052 819 2090 necasse
840 2041 899 2089 eat:
922 2050 1005 2091 omne

172 2112 264 2191 igitur
273 2113 390 2181 animal,
404 2112 593 2173 confitendum
607 2123 659 2181 est,
674 2132 731 2172 csse
744 2112 869 2171 mortale.

217 2195 370 2262 caeterea,
387 2193 498 2271 ¹siquid
511 2203 562 2263 eat,
584 2194 660 2271 quod
676 2214 727 2253 nec
748 2194 920 2271 voluptatem
941 2212 1005 2254 aen.

177 2275 231 2336 nat
250 2295 301 2335 nec
318 2276 453 2343 dolonem,
473 2275 510 2333 *id
529 2276 635 2336 animal
656 2295 713 2334 ease
733 2295 789 2333 non
812 2284 911 2353 potest,
953 2275 1004 2335 Sin

172 2367 273 2418 autam
282 2355 479 2432 -quodvantmal
492 2366 544 2425 eat,
559 2356 588 2415 id
603 2356 651 2414 illa
663 2375 773 2416 necesse
786 2367 828 2416 eat
840 2356 960 2418 seruiat:
975 2367 1004 2414 et

175 2436 252 2513 quod
266 2456 299 2494 ea
313 2436 423 2506 sentiat,
445 2456 502 2495 non
517 2446 606 2514 potest
620 2455 678 2496 ease
691 2445 855 2496 aetemnm:
880 2446 909 2495 et
922 2457 1004 2495 omne

177 2517 283 2576 animal
297 2518 400 2578 sentit-2
426 2517 538 2578 nullum
557 2518 645 2595 igitur
664 2517 769 2577 animal
788 2525 1004 2577 estvaetomum.

178 2599 445 2659 Praeterea-nullum
459 2608 620 2676 potestesse
633 2598 747 2668 animal,
772 2598 802 2658 in
823 2618 878 2675 quo
898 2618 955 2657 non
975 2608 1004 2658 et

177 2680 311 2757 appetitio
339 2680 375 2739 ait
399 2689 428 2739 et
452 2680 599 2740 declinatio
624 2678 769 2738 natumlis.
822 2682 1004 2757 Appetuntur

177 2770 282 2828 autem,
308 2781 379 2837 quaa
398 2761 551 2820 aacundum
573 2770 703 2819 naturam
726 2769 802 2829 sunt,
830 2760 1004 2821 declinantur

178 2841 332 2900 continuio:
354 2851 382 2900 et
396 2862 478 2901 omno
490 2842 597 2902 animal
612 2842 720 2920 appetit
731 2841 877 2917 quaedam,
893 2852 921 2904 et
930 2842 1003 2919 fugit

172 2943 194 2980 a
208 2921 385 2998 quibuadam.
426 2922 508 2987 Quod
519 2931 615 2982 autem
629 2923 740 2999 refugit,
761 2922 790 2980 id
804 2932 899 2982 contra
917 2931 1002 2985 natu·

171 3011 312 3065 mineat:
334 3013 363 3061 et
376 3003 451 3079 quod
464 3010 614 3062 eateontra
626 3013 767 3071 naturum,
789 3002 818 3061 id
838 3003 923 3062 habet
942 3002 1001 3059 vim

171 3083 373 3146 interimendi:
411 3104 492 3143 omne
519 3104 581 3161 ergo
609 3083 714 3142 animal
741 3084 859 3142 intereat
892 3102 1001 3144 neceam

177 3174 229 3224 est.
272 3165 490 3227 Innumerabilia
510 3175 587 3236 sunt,
611 3184 649 3225 ex
667 3165 774 3242 quinne
792 3163 871 3222 ellum
894 3162 1015 3231 eumuna

168 3245 265 3318 ponit,
278 3246 353 3304 nihil
366 3267 434 3316 eoae,
450 3247 529 3326 quod
542 3259 664 3308 aeneum
672 3248 801 3311 nautae,
819 3240 899 3316 mim
907 3234 1045 3321 ΨΜ*

156 3332 228 3383 reat
271 3326 393 3391 Etenim
407 3350 444 3391 ea
458 3331 535 3412 ipsa,
552 3352 634 3412 quaa
646 3328 844 3391 tenuatum,
853 3311 1022 3376 *dmm*
1030 3306 1071 3348 ψ’
