2367 3817
166 443 338 495 claro-11.
388 443 438 494 DE
458 442 611 494 NATURA
629 440 797 493 DEORUM·
966 440 997 492 ta
1053 433 1055 442 '

167 555 240 615 dixit
251 575 308 614 esse
318 554 434 613 initium
447 575 540 613 rerum
552 576 560 613 ε
582 554 667 613 deum
678 562 774 612 autem
785 570 848 610 eam
858 560 993 619 mentem,

167 655 239 712 quae
253 656 289 694 ex
308 656 382 713 aqua
400 644 500 694 cuncta
513 635 637 713 fingeret.
678 634 708 693 Si
734 633 773 691 dii
797 641 913 710 possunt
937 652 996 691 esse

167 716 226 774 sine
237 736 319 775 sensu
332 725 361 775 et
372 725 475 784 mente,
491 736 540 774 cur
552 735 641 792 aquae
653 714 794 794 adjunxit,
808 714 832 771 si
845 713 905 792 ipsa
916 732 995 772 mens

168 805 291 855 constare
304 806 394 874 potest
408 817 509 856 vacans
519 798 651 874 corpore?

209 877 415 935 Anaximandri
429 886 524 936 autem
538 878 631 954 opinio
644 885 696 944 est,
717 876 827 934 nativos
847 894 905 933 essa
918 874 992 942 deos,

165 956 255 1033 longis
275 957 429 1016 intervallis
449 958 567 1016 orientes
587 957 805 1033 occidentesque,
829 976 928 1032 eosque
948 955 994 1012 in-

165 1038 353 1096 numerabiles
366 1058 423 1095 esse
437 1038 565 1095 mundos.
606 1036 662 1095 Sed
675 1057 724 1095 nos
745 1036 840 1104 deum,
855 1036 908 1094 nisi
920 1055 992 1094 sem-

167 1118 320 1195 pitemum,
341 1118 494 1196 intelligere
507 1118 556 1194 qui
576 1118 747 1195 possumus?

208 1198 274 1257 Post
289 1198 479 1258 Anaximenes
492 1199 559 1257 adra
572 1199 657 1257 deum
672 1199 782 1266 statuit,
799 1217 919 1275 eumque
932 1197 993 1275 gig-

166 1279 207 1347 ni,
235 1299 347 1356 esseque
367 1280 549 1349 immensum,
574 1289 603 1338 et
623 1280 779 1348 infinitum,
800 1288 829 1337 et
843 1298 950 1356 semper
963 1279 993 1334 in

165 1369 264 1419 motu:
288 1360 366 1437 quasi
380 1371 430 1420 aut
443 1362 492 1419 air
505 1360 564 1420 sine
575 1361 633 1419 ulla
646 1361 734 1419 forma
747 1360 815 1418 deus
829 1379 887 1417 esse
896 1358 994 1436 possit,

167 1460 232 1499 curn
247 1442 407 1518 praesertim
422 1442 506 1500 deum
520 1462 576 1500 non
589 1442 672 1499 modo
685 1442 789 1518 aliqua,
803 1439 851 1497 sed
864 1440 993 1517 pulcher-

165 1521 238 1579 rima
251 1522 339 1599 specie
352 1542 409 1581 esse
423 1522 534 1581 deceat:
557 1530 608 1580 aut
622 1543 676 1580 non
698 1541 790 1589 omne,
812 1520 886 1595 quod
900 1529 993 1577 ortum

166 1602 213 1670 sit,
234 1603 389 1661 mortalitas
403 1613 594 1679 consequatur.

207 1682 264 1739 XI.
285 1682 355 1740 Inde
369 1684 558 1760 Anaxagoras,
572 1684 629 1760 qui
643 1681 747 1760 ac'cepit
767 1683 802 1740 ab
817 1680 994 1739 Anaximene

167 1762 351 1839 disciplinam,
372 1763 481 1840 primus
494 1763 623 1823 omnium
636 1784 729 1823 rerum
744 1762 952 1840 descriptionem
965 1772 992 1819 et

166 1843 282 1902 modum
303 1844 406 1903 mentis
427 1845 552 1903 infinitae
573 1846 602 1903 vi
623 1867 654 1905 ac
681 1844 787 1905 ratione
808 1843 943 1921 designari
964 1853 992 1900 et

167 1924 262 1983 confici
278 1925 385 1983 voluit:
408 1926 500 2002 inquo
512 1947 566 1986 non
579 1927 661 1997 vidit,
676 1946 765 2003 neque
779 1934 889 1984 motum
900 1924 992 1982 sensui

162 2006 296 2081 junctum
310 2015 339 2063 et
353 2007 542 2065 continentem
556 2008 585 2065 in
600 2008 709 2067 infinito
724 2006 815 2064 ullum
829 2024 886 2062 esse
896 2023 991 2080 posse:

165 2105 255 2162 neque
275 2106 386 2144 sensum
408 2087 531 2156 omnino,
552 2109 607 2164 quo
630 2109 687 2146 non
711 2087 771 2164 ipsa
791 2094 892 2143 natura
913 2084 994 2161 pulsa

167 2167 289 2224 sentiret.
332 2167 439 2225 Deinde
454 2168 476 2225 si
490 2179 615 2227 mentem
630 2170 713 2227 istam
728 2166 806 2243 quasi
823 2165 926 2223 animal
940 2165 992 2223 ali.

165 2247 240 2323 quod
253 2266 311 2305 esse
331 2248 430 2317 voluit,
451 2248 504 2306 erit
524 2249 630 2324 aliquid
651 2248 777 2315 interius,
798 2267 833 2303 ex
848 2266 902 2321 quo
923 2245 994 2303 illud

165 2327 269 2385 animal
295 2328 462 2386 nominetur.
506 2328 581 2395 Quid
608 2339 703 2387 autem
731 2327 848 2386 interius
874 2330 990 2384 mente?

166 2408 304 2483 Cingatur
316 2408 403 2483 igitur
417 2428 525 2484 corpore
539 2418 661 2466 externo.
703 2407 778 2473 Quid
792 2406 924 2482 quoniam
937 2427 993 2464 nou

167 2487 267 2563 placet,
288 2496 384 2562 aperta
402 2487 575 2564 simplexque
596 2506 684 2553 mens,
705 2487 783 2544 nulla
802 2506 831 2542 re
852 2484 992 2562 adjuncta,

168 2586 239 2643 quae
253 2566 354 2624 sentire
367 2567 462 2644 possit,
487 2567 580 2645 sugere
595 2566 792 2644 intelligentiae
812 2574 920 2624 nostrae
934 2566 992 2625 vim

168 2657 197 2705 et
211 2648 353 2706 notionem
367 2648 487 2707 videtur.
922 2671 927 2683 ·

209 2728 381 2788 Crotoniates
395 2740 489 2787 autem
505 2729 648 2799 Alcmaeo,
664 2729 713 2807 qui
726 2729 777 2788 soli
790 2738 819 2788 et
832 2728 914 2788 lunae
928 2730 990 2788 reli.

168 2808 284 2885 quisque
304 2809 449 2876 sideribus,
473 2811 622 2887 animoque
644 2821 792 2888 praeterea,
814 2810 992 2869 divinitatem

167 2889 256 2958 dedit,
275 2909 331 2948 non
344 2892 440 2958 sensit,
454 2912 511 2949 sese
525 2894 689 2951 mortalibus
702 2893 784 2950 rebus
796 2891 994 2951 immortalita-

166 2982 224 3030 tem
239 2969 313 3029 dare.

210 3051 288 3109 Nam
310 3051 490 3129 Pythagoras,
512 3052 560 3129 qui
581 3054 698 3121 censuit,
719 3053 847 3112 animum
868 3070 925 3110 esse
946 3068 995 3122 per

166 3141 299 3192 naturam
318 3152 413 3191 rerum
434 3153 546 3191 omnem
566 3134 716 3193 intentum
735 3142 767 3191 et
786 3134 1023 3209 commeantem

167 3230 205 3270 ex
220 3232 275 3288 quo
287 3213 374 3272 nostri
387 3214 477 3275 animi
501 3225 703 3297 carperentur,
721 3233 787 3272 nou
806 3206 898 3263 cibet
916 3200 1055 3258 metm

157 3291 232 3349 tione
258 3293 457 3359 bumanorum
489 3300 672 3363 animorum
695 3284 842 3361 discenda
875 3285 913 3334 ‘A
934 3271 1055 3337 lm&
