2367 3817
179 452 242 500 Gar.
254 452 312 508 6-7.
394 449 443 500 DE
461 449 614 501 NATURA
632 448 798 499 DEORUM.
989 451 1003 495 9

176 562 339 623 addubitare
352 572 429 643 coget
443 562 664 623 doctissimorum
675 563 824 621 hominum
834 559 869 619 de
877 560 1004 621 maxima

176 664 205 702 re
218 653 298 704 tanta
311 646 451 704 dissensio.
556 682 558 686 ,

216 725 297 791 Quod
312 746 376 785 cum
390 746 470 805 saepe
483 726 562 795 alisia,
583 734 647 783 tum
661 723 784 783 maxime
806 722 1000 791 animadverti,

176 825 239 865 cum
254 807 329 886 apud
344 807 376 865 C.
398 808 521 876 Cottam,
544 805 721 873 familiarem,
746 824 853 872 meum,
875 806 1001 863 accurate

175 896 282 945 sancet
296 887 442 965 diligenter
464 888 498 945 de
522 886 576 944 diis
600 884 805 943 immortalibus
825 884 1000 961 disputatum

174 968 220 1025 sit.
263 968 353 1038 Nam,
375 988 440 1027 cum
454 967 528 1026 feriis
543 966 652 1024 Latinis
664 964 701 1023 ad
714 984 779 1022 eum
805 965 890 1042 ipsius
903 974 1001 1041 rogatu

173 1048 360 1125 arcessituque
374 1049 522 1117 venissem,
540 1045 641 1106 offendi
655 1065 720 1104 eum
735 1045 877 1106 sedentem
890 1044 920 1103 in
935 1065 1000 1104 exc-

174 1127 233 1198 dra,
258 1137 287 1187 et
312 1148 376 1187 cum
399 1130 431 1187 C.
453 1129 561 1188 Velleio
585 1135 709 1185 senatore
731 1126 940 1204 disputantem:
962 1127 999 1185 ad
1066 1193 1073 1210 .

173 1229 257 1285 quem
271 1218 335 1268 tum
350 1210 479 1288 Epicurei
493 1210 597 1287 primas
611 1228 646 1266 ex
658 1206 758 1265 nostris
772 1207 931 1265 hominibus
950 1206 998 1264 de-

172 1288 304 1349 ferebant.
347 1291 454 1350 Aderat
481 1291 567 1349 etiam
596 1285 629 1356 Q.
658 1288 782 1346 Lucilius
808 1287 920 1357 Balbus,
949 1289 997 1363 qui

172 1378 264 1429 tantos
278 1392 433 1449 progressus
452 1372 572 1431 habebat
585 1371 615 1428 in
630 1369 738 1438 Stoicis,
764 1377 797 1427 ut
821 1389 886 1427 cum
908 1369 998 1426 excel·

171 1449 293 1510 lentibus
306 1452 335 1510 in
351 1473 382 1511 eo
403 1472 500 1529 genere
521 1451 633 1510 Graccis
656 1459 868 1527 compararetur.
911 1450 996 1516 Turn,

171 1540 205 1589 ut
219 1552 265 1591 me
279 1534 362 1591 Cotta
370 1534 452 1602 vidit,
468 1536 680 1612 Peropportune,
695 1529 797 1606 inquit,
813 1530 899 1586 venis.
934 1529 998 1587 Ori-

171 1620 219 1669 tur
232 1613 307 1671 enim
327 1614 399 1671 mihi
412 1634 515 1691 magna
536 1614 571 1670 de
583 1632 614 1670 re
627 1610 767 1669 altercatio
788 1629 852 1668 cum
868 1609 975 1668 Velleio
988 1631 994 1664 :

172 1692 227 1761 cui,
241 1713 290 1770 pro
303 1701 353 1750 tuo
367 1693 468 1763 studio,
482 1703 537 1752 non
553 1702 594 1751 est
608 1691 731 1749 alienum
745 1700 773 1748 te
787 1690 925 1749 interesse.

213 1772 285 1831 VII.
308 1773 398 1850 Atqui
412 1775 482 1832 mihi
498 1792 607 1851 quoque
622 1772 724 1840 videor,
739 1771 865 1848 inquam,
880 1771 996 1839 venisse,

170 1860 203 1910 ut
216 1853 295 1923 dicis,
310 1864 470 1933 opportune.
514 1856 582 1914 Tres
596 1857 671 1912 enim
685 1853 772 1911 trium
787 1851 995 1930 disciplinarum

169 1933 305 2014 principes
319 1937 494 1995 convenistis.
537 1936 578 1994 M.
594 1936 669 1993 enim
684 1934 746 1993 Piso
761 1933 783 1992 si
797 1932 913 2002 adesset,
928 1934 994 1991 nul-

125 2023 128 2036 '
169 2014 223 2073 lius
237 2016 432 2094 philosophiae,
448 2037 544 2076 earum
558 2005 673 2093 quiderri
683 2035 754 2091 quae
768 2015 797 2073 in
807 2015 908 2073 bonore
917 2024 993 2082 sunt,

117 2101 119 2106 '
169 2105 278 2155 vacaret
291 2097 375 2156 locus.
418 2098 493 2156 Turn
509 2098 602 2167 Cotta,
617 2097 647 2154 Si
662 2096 764 2171 inquit,
778 2096 848 2153 liber
859 2095 993 2153 Antiochi

168 2179 264 2247 nostri,
286 2177 335 2254 qui
348 2180 384 2237 ab
398 2199 430 2237 eo
443 2198 533 2256 nuper
544 2179 580 2236 ad
594 2178 669 2235 hunc
683 2177 803 2235 Balbum
817 2176 918 2234 missus
940 2186 992 2243 est,

168 2275 232 2315 vera
246 2259 389 2335 loquitur3
411 2260 481 2317 nihil
497 2267 547 2327 est,
569 2258 644 2336 quod
664 2257 802 2326 Pisonem,
827 2256 993 2316 familiarem

166 2346 259 2407 tuum,
274 2339 418 2399 desideres.
460 2341 600 2398 Antiocho
624 2339 700 2397 enim
722 2339 807 2397 Stoici
828 2359 893 2397 cum
914 2338 991 2395 Peri-

166 2420 293 2494 pateticis
320 2439 349 2477 re
377 2420 517 2478 concinere
544 2420 684 2487 videntur,
713 2419 803 2477 verbis
830 2419 990 2495 discrepare.

167 2497 230 2565 Quo
244 2499 278 2556 de
291 2499 360 2557 libro
374 2500 459 2558 velim
473 2501 549 2568 scire,
564 2500 659 2569 Balbe,
680 2498 749 2574 quid
762 2500 874 2557 sentias.
917 2500 990 2576 Ego-

165 2580 225 2636 ne?
248 2579 340 2657 inquit
354 2581 417 2639 ille:
439 2582 524 2639 miror
538 2580 711 2638 Antiochum
731 2579 874 2637 hominem
889 2580 918 2637 in
932 2581 991 2658 pn'.

164 2660 219 2719 mis
233 2671 358 2730 acutum,
383 2683 438 2721 non
454 2663 563 2732 vidisse,
588 2663 718 2719 interesse
742 2660 895 2738 plurimum
918 2662 991 2720 inter

164 2741 279 2809 Stoicos,
305 2744 353 2819 qui
377 2743 493 2802 honesta
512 2765 530 2802 a
550 2743 700 2802 commodis
721 2762 776 2801 non
797 2743 918 2812 nomine,
940 2743 987 2802 sed

163 2840 262 2898 genere
276 2832 333 2882 toto
343 2824 539 2903 disjungerent,
556 2832 583 2883 et
595 2824 797 2901 Peripateticos,
813 2824 861 2900 qui
872 2825 987 2882 honesta

163 2901 376 2962 commiscerent
396 2926 461 2963 cum
485 2904 646 2972 commodis,
670 2913 703 2962 ut
724 2925 757 2963 ea
779 2905 853 2963 inter
866 2924 894 2962 se
907 2924 987 2981 mag-

162 2982 292 3042 nitudine
315 2994 343 3042 et
366 2987 445 3063 quasi
470 2986 609 3063 gradibus,
636 3006 692 3043 non
715 3005 813 3062 genere
836 2986 987 3043 differrent.

163 3062 242 3123 Haec
255 3064 332 3123 enim
346 3077 456 3126 estnon
470 3068 616 3125 verborum
631 3086 726 3143 parva,
748 3064 905 3123 cedrenum
925 3083 993 3134 qes-

161 3162 264 3222 magna
287 3146 426 3206 dissensio.
470 3147 584 3208 Verum
604 3148 679 3207 haec
702 3147 798 3204 aliast
826 3157 914 3196 auae
936 3132 1025 3201 amb

158 3227 306 3301 coepimus,
322 3228 346 3287 si
362 3229 488 3292 videtur.

187 3305 266 3368 Mihi
282 3329 358 3385 vero,
375 3314 481 3397 inquit
496 3316 601 3388 Cotta,
618 3313 759 3373 videtum

771 3298 791 3324 rs
804 3274 1005 3356 Qffifflw,
1015 3259 1077 3328 “2⁸5³
