2367 3817
205 449 274 499 One.
287 447 379 509 37,δᾶ
449 446 498 497 ΒΕ
517 445 675 497 NATURA
693 445 863 496 Danaum.
999 439 1031 496 tt

208 571 311 639 puncto
326 561 457 639 temporis
470 559 537 620 alios
550 559 636 625 nasci,
657 557 725 618 alios
738 559 872 619 interire?
914 558 996 627 Quod
1010 559 1033 618 si

207 642 348 702 mundum
362 642 469 701 efficere
481 650 571 721 potest
584 659 730 700 concursus
743 649 899 700 atomorum
912 660 960 699 cur
970 660 1034 719 por.

207 722 306 791 ticum,
318 743 367 783 cur
376 723 525 801 templum,
540 729 590 781 cur
599 720 725 791 domum,
739 740 790 780 eur
797 722 904 791 urbem,
918 725 974 781 nori
984 741 1032 800 po·

207 812 264 862 test
275 806 287 860 ἓ
309 823 381 883 quae
394 812 461 876 sunt
474 803 569 861 minus
581 821 701 881 operosa,
716 810 745 862 et
759 802 849 861 multo
862 802 976 879 quidem
990 801 1033 861 fa-

206 884 308 943 ciliora
351 886 433 943 Certe
455 883 495 942 ita
515 891 619 942 temere
643 883 678 942 de
700 882 807 941 mundo
831 881 974 951 effutiunt,
999 891 1033 941 ut

207 964 278 1023 mihi
293 965 408 1044 quidem
421 983 567 1042 nunquam
580 965 657 1023 hunc
667 961 861 1022 admirabilem
874 959 940 1022 coeli
952 983 1033 1022 oma-

206 1054 281 1115 tum,
296 1046 345 1123 qui
358 1047 434 1105 locus
447 1055 488 1104 est
551 1045 655 1114 ximus,
669 1043 822 1122 suspexisse
836 1042 992 1102 videantur.

249 1126 388 1186 Praeclare
411 1145 474 1205 ergo
526 1125 669 1193 ristoteles,
698 1125 761 1184 “Si
784 1121 904 1194 essent,”
930 1123 1032 1202 inquit,

208 1213 229 1239 “
239 1206 288 1284 qui
302 1209 353 1267 sub
367 1217 440 1267 terra
453 1225 562 1285 semper
572 1205 783 1276 habitavissent,
805 1205 884 1265 bonis
904 1215 933 1265 et
953 1205 1034 1266 illus-

206 1287 297 1348 tribus
310 1287 466 1357 domiciliis,
480 1306 551 1366 quae
564 1296 656 1347 essent
669 1295 766 1347 ornata
779 1286 865 1366 signis
874 1295 960 1365 atque
973 1285 1032 1366 pic·

207 1368 287 1439 tusis,
294 1370 487 1448 instmctaque
494 1369 577 1427 rebus
586 1367 621 1427 iis
631 1369 771 1439 omnibus,
779 1366 881 1446 quibus
889 1367 1033 1426 abundant

207 1449 228 1506 ii
242 1449 291 1528 qui
304 1449 379 1510 b'eati
392 1458 538 1528 putantur,
551 1467 603 1507 nes
610 1457 706 1507 tamen
718 1447 840 1506 exissent
849 1465 975 1523 uuquam
986 1467 1034 1506 su-

207 1547 259 1607 pra
268 1539 390 1599 terram3
405 1528 572 1608 accepissent
580 1527 762 1588 autemfama
771 1535 800 1586 et
813 1527 964 1596 auditione,
979 1545 1036 1585 esse

207 1607 349 1686 quoddam
359 1628 466 1669 numen
480 1616 509 1667 et
522 1608 582 1666 vim
596 1608 730 1674 deorum;
751 1605 851 1666 deinde
860 1605 953 1685 aliquo
963 1616 1037 1666 tem-

209 1707 283 1765 pore,
305 1688 448 1768 patefactis
461 1698 549 1748 terrae
573 1687 708 1757 faucibus,
729 1707 765 1747 ex
778 1687 833 1746 illis
846 1687 948 1769 abditis
962 1685 1035 1746 sedi.

210 1770 263 1828 bus
276 1769 392 1829 evadere
405 1769 435 1828 iu
448 1769 516 1829 haee
528 1767 597 1839 loca,
619 1787 690 1847 quae
703 1787 753 1828 nos
774 1767 930 1838 incolimus,
951 1771 1036 1846 atque

208 1850 285 1909 exire
298 1849 471 1930 potuissent3
493 1869 558 1909 cum
571 1858 684 1930 repente
692 1857 805 1919 terram,
820 1857 848 1909 et
862 1849 960 1918 maria,
975 1853 1035 1909 eoe-

208 1930 325 2010 lumque
333 1931 482 2002 vidissent;
496 1929 617 1991 nubium
628 1930 861 2010 magnitudinem,
872 1929 1036 1989 ventosum-

208 2030 264 2088 que
280 2013 339 2072 vim
360 2012 560 2092 cognovissent,
580 2012 824 2090 adspexisseanue
844 2011 940 2081 solem,
962 2011 1037 2090 ejus:

208 2110 265 2170 que
291 2102 356 2153 tum
381 2092 608 2171 magnitudinem
635 2091 937 2170 pulchritudinemque,
969 2100 1036 2150 tum

208 2173 295 2233 etiam
306 2173 483 2233 efficientiam
494 2172 694 2252 cognovissent,
705 2172 779 2251 quod
788 2173 811 2231 is
820 2172 895 2231 diem
905 2171 1036 2239 efficeret,

208 2262 268 2313 toto
283 2255 355 2314 coelo
368 2255 430 2313 luce
443 2253 566 2324 dilium
588 2273 654 2313 cum
667 2261 763 2312 autem
788 2261 874 2312 tersas
893 2271 950 2311 nox
969 2271 1036 2331 opa-

208 2343 306 2402 casset,
320 2345 384 2393 tum
398 2335 505 2393 eoelum
520 2343 614 2393 totum
627 2343 768 2393 cernerent
781 2332 862 2393 astris
872 2332 1037 2393 distinctum

208 2421 392 2484 et·'omatum‚
406 2413 544 2491 lunaeque
557 2414 700 2473 luminum
710 2414 875 2474 varietatem
888 2421 953 2474 tum
966 2417 1038 2473 cres·

210 2493 308 2565 ceritis
329 2502 393 2553 tum
407 2493 580 2563 senescentis,
600 2513 752 2572 eorumque
772 2495 900 2555 omnium
918 2501 995 2554 ortus
1009 2501 1037 2552 et

210 2591 329 2642 occasus,
344 2579 429 2653 atque
443 2574 473 2632 in
487 2574 563 2634 omni
573 2573 736 2634 aeternitate
749 2584 822 2635 ratos
831 2574 1037 2635 immutabiles·

209 2672 265 2733 que
278 2673 392 2728 cursum
413 2656 481 2714 baec
495 2673 559 2715 cum
574 2655 709 2727 viderent,
724 2657 843 2735 profecto
853 2665 881 2715 et
892 2673 949 2716 esse
961 2655 1036 2725 deos,

212 2744 242 2795 et
255 2734 323 2795 baec
337 2745 417 2797 tants
429 2755 512 2815 opera
525 2735 642 2798 deomm
655 2755 722 2808 esse,
737 2735 964 2798 arbitrarentur?

252 2815 431 2877 XXXVIII.
454 2818 549 2896 Atque
562 2818 632 2877 haec
644 2816 758 2896 quidem
771 2817 826 2876 ille.
864 2816 927 2876 Nos
940 2827 1035 2877 autem

212 2899 338 2957 tenebras
356 2898 507 2977 cogitemus
527 2908 630 2968 tantas,
651 2907 772 2976 quantae
792 2897 933 2977 quondam
954 2915 1037 2975 erup-

211 2977 286 3037 tione
300 2977 484 3038 AEtnaeorum
497 2978 606 3056 ignium
620 2977 756 3037 finitimas
774 2979 897 3057 regiones
910 2978 1036 3036 obscura-

212 3057 284 3117 visse
296 3058 438 3131 dicuntur,
460 3067 494 3118 ut
506 3077 556 3137 per
568 3058 688 3118 biduum
702 3077 785 3118 nemo
797 3058 941 3118 hominem
954 3057 1038 3116 bomo

210 3148 369 3217 agnosceret
380 3161 389 3209 ;
411 3140 477 3199 cnm
490 3147 586 3198 autem
600 3138 682 3198 tertio
695 3137 741 3197 die
754 3139 793 3198 sol
807 3137 953 3203 illuxisset,
974 3134 1039 3200 tuul

209 3228 242 3276 ut
260 3219 395 3279 revixisse
415 3219 469 3280 sibi
484 3219 662 3282 viderentur.
699 3217 913 3289 Quaestum
922 3211 1067 3267 'enema

196 3299 321 3360 aeternis
337 3302 463 3365 tenebris
473 3304 676 3388 contingeret,
686 3281 1068 3366 utanb'stuba'sammffi
