2367 3817
160 479 332 540 ciurana.
417 479 467 529 Du
489 477 648 530 NATURA
667 478 838 532 DEORUM.
944 481 987 535 lai

162 599 306 656 Latonae?
350 596 397 655 An
412 594 480 654 haec
493 614 603 671 quoque
617 594 669 653 dea
683 596 749 653 est?
777 594 900 653 vidimus
914 594 990 654 enim

160 678 221 755 ejus
234 698 295 735 aras
312 676 480 752 delubraque
495 676 524 732 in
540 675 664 732 Graecia.
706 676 757 732 Sin
778 675 844 734 haec
866 675 918 734 dea
937 684 990 743 est,

161 778 211 816 cur
222 778 278 816 uon
294 756 488 816 Eumenides?
514 754 623 832 quaesi
638 755 704 813 deae
725 763 800 825 sunt,
822 776 942 832 quarum
963 768 991 815 et

162 839 283 898 Athenis
297 838 395 896 fanum
416 847 467 906 est,
489 844 518 895 et
537 835 612 913 apud
626 856 685 905 nos,
708 844 741 896 ut
755 856 803 912 ego
818 836 989 914 interpretor,

160 920 239 977 lucus
254 920 396 976 Furinae:
425 916 526 975 Furiae
540 916 607 974 deae
621 925 697 985 sunt,
712 916 912 995 speculatrices,
934 937 992 975 cre·

161 999 205 1068 do,
221 1008 250 1057 et
265 1000 387 1056 vindices
400 998 552 1057 facinorum
567 1006 596 1055 et
610 997 751 1056 scelerum.
794 996 875 1063 Quod
889 998 911 1055 si
923 998 991 1055 tales

160 1079 199 1137 dii
215 1090 291 1148 sunt,
314 1089 346 1137 ut
360 1081 441 1137 rebus
455 1078 587 1136 humanis
608 1078 752 1136 intersint:
778 1076 866 1137 Natio
881 1085 1003 1155 quoque

160 1160 211 1219 dea
224 1160 350 1238 putanda
363 1169 422 1217 est:
448 1160 503 1226 cui,
529 1178 595 1216 cum
619 1159 683 1216 fana
709 1158 857 1217 circuimus
878 1158 906 1217 in
927 1179 993 1237 agro

162 1241 288 1310 Ardeati,
310 1262 368 1300 rem
390 1240 516 1298 divinam
537 1240 624 1298 facere
648 1239 785 1298 solemus:
815 1260 896 1316 quae,
922 1239 990 1318 quia

159 1334 255 1399 partus
269 1333 458 1379 matronarum
474 1329 597 1388 tueatur,
611 1340 628 1377 a
643 1321 818 1378 nascentibus
835 1320 923 1379 Natio
937 1341 990 1379 no-

160 1403 266 1460 minata
281 1412 330 1460 est.
373 1404 415 1460 Ea
428 1403 450 1459 si
466 1401 519 1458 dea
532 1410 594 1468 est;
617 1399 656 1457 dii
670 1418 766 1457 omnes
780 1399 832 1468 illi,
847 1400 896 1476 qui
912 1420 989 1459 coru.

159 1484 386 1557 memorabantur
399 1501 416 1539 a
429 1490 467 1549 te,
484 1480 589 1547 Honos,
613 1478 706 1547 Fides,
722 1479 812 1546 Mens,
829 1479 988 1552 Concordia.

161 1562 234 1636 Ergo
249 1561 334 1617 etiarn
349 1561 426 1636 Spes,
443 1561 566 1625 Moneta,
581 1558 739 1634 omniaque,
759 1578 830 1636 quaa
846 1560 988 1637 cogitatio·

160 1660 196 1698 ne
217 1640 356 1697 nobismet
377 1640 429 1717 ipsi
450 1657 597 1716 possumus
618 1638 729 1715 fingere.
771 1638 851 1706 Quod
872 1640 895 1697 si
917 1640 987 1699 veri-

160 1720 252 1778 simile
266 1739 322 1777 nou
336 1729 387 1789 est,
401 1740 438 1778 ne
452 1718 523 1778 illud
538 1718 652 1798 quidem
667 1729 718 1787 est,
733 1719 800 1778 haec
811 1719 885 1778 unde
898 1721 989 1779 fluxe-

161 1807 238 1859 runt.

201 1881 286 1939 XlX.
309 1880 384 1950 Quid
397 1891 492 1941 autem
507 1879 598 1939 dicis?
622 1879 643 1938 si
659 1879 698 1937 dii
714 1889 780 1939 sunt
794 1879 845 1951 illi,
860 1903 928 1960 quos
942 1903 988 1944 co·

159 1963 245 2021 limus
258 1971 287 2021 et
300 1963 471 2041 accipimus:
494 1983 543 2021 cur
556 1981 611 2021 non
626 1961 723 2030 codem
744 1962 773 2019 in
794 1981 891 2040 genere
905 1965 985 2023 Sera.

158 2043 218 2120 pim
234 2044 304 2102 Isim
324 2065 358 2103 ue
373 2044 574 2102 numeremus?
597 2041 672 2119 quod
686 2041 708 2100 si
722 2042 848 2114 facimus,
864 2045 987 2104 curbar·
1004 2074 1006 2077 >

158 2125 288 2183 berorum
303 2064 366 2183 deos
380 2124 580 2201 repudiemus?
625 2122 714 2181 Boves
727 2121 821 2199 igitur,
843 2133 871 2183 et
892 2146 993 2202 equos,

159 2204 226 2271 ibes,
240 2206 392 2285 accipitres,
406 2203 524 2282 aspidas,
540 2202 694 2271 crocodilos,
715 2203 811 2281 pisces,
833 2225 922 2274 canes,
942 2207 986 2265 lu·

158 2305 216 2361 pos,
230 2284 305 2354 feles,
320 2287 424 2344 multas
438 2294 577 2363 praetcrea
589 2285 705 2353 belluas,
722 2284 874 2344 iudeorum
885 2307 986 2345 nume.

158 2385 189 2423 ro
202 2386 366 2443 reponemus
378 2388 386 2434 ;
408 2384 479 2441 quae
493 2364 515 2421 si
528 2365 695 2443 rejiciamus,
710 2363 759 2421 illa
771 2386 890 2442 quoque,
912 2367 987 2425 unde

158 2445 226 2503 haec
240 2455 307 2504 nata
321 2457 396 2513 sunt,
411 2444 575 2522 rejiciamus.
617 2443 697 2510 Quid
706 2443 826 2504 deinde?
870 2448 922 2506 Ino
935 2447 987 2505 dea

158 2525 271 2596 dicitur,
295 2547 366 2602 quae
388 2526 545 2583 Leucothea
558 2544 576 2583 a
590 2523 712 2593 Graecis,
736 2526 852 2585 anobis
874 2528 987 2588 Matuta

159 2606 270 2676 dicitur,
286 2627 348 2664 cum
367 2607 403 2664 sit
418 2606 518 2664 Cadmi
531 2605 613 2663 filia?
648 2604 725 2663 Circe
737 2615 844 2676 autem,
866 2617 894 2666 ct
909 2609 986 2668 Pasi-

158 2686 239 2762 phae',
265 2708 280 2745 e
298 2687 432 2756 Perseide,
459 2686 560 2745 Oceani
574 2686 642 2754 filia,
664 2694 755 2755 natae,
770 2698 847 2764 patre
861 2688 934 2758 Sole,
955 2690 986 2749 in

158 2765 273 2826 deorum
287 2787 402 2826 numero
415 2787 471 2826 non
486 2766 687 2825 habebuntur?
710 2787 873 2844 quanquam
888 2770 985 2837 Circen

158 2868 268 2925 quoque
290 2846 382 2908 vcoloni
409 2848 495 2905 nostri
529 2847 695 2905 Circeienses
722 2848 845 2925 religiose
879 2850 982 2910 colunt.

158 2928 232 3005 Ergo
247 2929 318 2986 hanc
331 2929 412 2986 deam
433 2928 509 2985 dicis.
551 2927 627 2994 Quid
648 2927 764 2985 Medeae
784 2929 984 3007 respondebis?

157 3029 229 3084 quae
243 3008 349 3066 duobus
363 3008 433 3077 avis,
454 3008 517 3067 Sole
531 3018 559 3065 et
574 3007 693 3075 Oceano,
717 3007 800 3067 AEeta
813 3021 900 3086 patre,
921 3017 984 3069 ma&

157 3100 200 3146 tre
214 3088 297 3165 Idyia
310 3097 449 3166 procreata
462 3097 514 3147 est.
554 3087 632 3154 Quid
650 3088 735 3165 hujus
750 3090 874 3163 Absyrto
894 3088 984 3158 fratri,

157 3168 206 3244 qui
221 3178 262 3227 est
275 3169 350 3246 apud
365 3168 519 3228 Pacuvium
534 3168 704 3246 reuulsus
729 3167 871 3226 sentum
884 3187 1000 3222 missu

155 3259 278 3309 veterum
292 3249 383 3312 literis
394 3250 543 3313 usitatius.
583 3249 649 3321 Qui
660 3248 690 3309 si
703 3248 818 3308 dissum
825 3251 1030 3305 suntffim
