2367 3817
176 474 245 523 cn.
259 461 349 523 sess.
397 472 616 525 nensruas
628 473 797 526 pronun.
970 473 1002 530 st

178 585 255 644 bebit
268 585 355 664 igitur
367 586 493 663 linguam
506 586 584 654 deus,
609 597 638 646 et
651 608 706 646 non
727 587 875 664 loquetur:
896 587 1002 655 dentes,

176 667 313 745 pedatum,
330 667 431 737 sauma,
444 668 555 725 nullum
569 667 605 726 ad
618 688 720 727 usum:
742 687 867 745 quaeque
880 687 1003 745 procrea·

177 747 262 806 tionis
275 765 358 807 causa
370 758 473 807 natura
482 748 583 826 corpori
592 748 713 817 affinxit,
728 769 761 807 ea
774 750 875 808 frustm
889 748 1002 807 babebit

176 828 263 886 deus:
283 847 334 904 nec
347 838 463 888 externa
474 829 572 907 magis,
594 850 679 905 quam
700 830 839 899 interiora,
865 847 917 897 cor,
937 830 1002 907 pul·

176 926 282 977 mones,
298 910 387 988 jecur,
409 920 531 969 caetera:
552 929 634 986 quae,
648 910 772 969 detracta
783 910 915 978 utilitate,
934 909 1003 986 quid

176 990 283 1048 habent
295 990 471 1049 venustatis?
497 990 722 1067 quandoquidem
743 992 810 1049 haec
824 1011 880 1049 esse
901 990 931 1047 in
951 990 1001 1048 deo

177 1065 289 1147 propter
300 1070 536 1148 pulchritudinem
551 1071 647 1130 vultis.

220 1150 321 1209 Istisne
340 1151 456 1210 fidentes
479 1151 594 1210 somniis
618 1155 674 1210 non
697 1152 778 1212 modo
800 1152 944 1231 Epicurus,
974 1161 1001 1209 et

177 1230 361 1302 Metrodorus,
371 1241 401 1292 et
412 1232 586 1291 Hermachus
598 1242 693 1292 contra
702 1234 898 1311 Pythagoram,
910 1233 1004 1292 Plato-

175 1331 251 1382 nem,
263 1313 516 1391 Empedoclemque
525 1314 667 1383 dixerunt,
678 1314 726 1372 sed
735 1314 908 1373 meretricula
915 1313 1003 1372 etiam

176 1393 328 1452 Leontium
355 1402 451 1453 contra
472 1395 695 1473 Theophrastum
716 1396 831 1453 scribere
852 1415 920 1453 ausa
941 1394 1001 1452 sit?

175 1472 244 1532 scito
271 1474 320 1533 illa
340 1474 453 1551 quidem
474 1494 608 1545 sannone,
633 1485 662 1535 et
683 1476 779 1534 Attico
789 1497 798 1544 3
829 1475 876 1533 sed
897 1484 1001 1532 tamen.

177 1554 304 1614 Tantum
325 1555 439 1633 Epicuri
463 1556 560 1615 hortus
573 1556 673 1614 habuit
693 1554 840 1613 licentiae!
869 1565 897 1613 et
909 1554 1002 1612 soletis

176 1635 265 1711 queri.
306 1636 382 1695 Zeno
396 1636 509 1712 quidem
529 1637 615 1695 etiam
636 1637 773 1713 litigabat.
814 1634 889 1700 Quid
908 1633 1001 1693 dicam

179 1714 353 1774 Albucium?
392 1716 470 1775 Nam
480 1717 603 1775 Phaedro
616 1717 688 1775 nihil
697 1716 857 1793 elegantius,
868 1714 939 1773 nihil
947 1715 1002 1774 hu·

177 1794 308 1853 manius:
326 1794 382 1855 sed
395 1799 620 1856 stomachabatur
641 1817 734 1866 senex,
755 1796 863 1873 siquid
880 1795 1003 1874 asperius

176 1874 312 1935 dixeram.
351 1877 425 1937 Cum
435 1878 571 1956 Epicurus
581 1877 856 1937 contumeliosissime
865 1879 1002 1936 Aristotc-

175 1956 232 2015 lem
246 1958 408 2017 vexaverit:
431 1959 571 2018 Phaedoni
585 1959 722 2019 Socratico
743 1960 901 2037 turpissime
915 1958 1003 2018 male-

176 2036 297 2097 dixerit:
314 2039 473 2108 Metrodori,
488 2039 588 2097 sodalis
599 2041 653 2108 sui,
667 2040 788 2109 lintrem,
805 2041 1003 2108 Timocratem,

174 2118 242 2194 quia
254 2119 344 2177 nescio
364 2120 433 2197 quid
447 2120 477 2177 in
496 2120 670 2197 philosophia
691 2120 857 2190 dissentiret,
873 2119 939 2190 totis
953 2140 1003 2179 vo-

174 2199 330 2258 luminibus
343 2200 512 2259 conciden't:
536 2200 565 2259 in
581 2201 773 2260 Democritum
794 2202 897 2280 ipsum,
918 2220 1003 2278 quem

175 2290 285 2362 secutus
305 2290 358 2349 est,
379 2281 464 2340 fuerit
484 2281 626 2359 ingratus:
658 2282 880 2360 Nausiphanem,
901 2282 1011 2359 magis-⁴

175 2370 253 2418 trum
264 2380 360 2429 suum,
373 2381 392 2419 a
402 2382 457 2437 quo
467 2361 538 2421 nihil
547 2362 691 2432 didicerat,
705 2373 763 2422 tam
773 2364 846 2421 male
859 2363 1003 2440 acceperit.

217 2440 365 2498 xxxiv.
386 2441 463 2500 Zeno
477 2442 589 2517 quidem
609 2464 666 2503 non
686 2464 731 2503 eoa
752 2444 852 2512 solum,
873 2443 1003 2519 quitum

175 2530 264 2589 emt,
287 2520 496 2598 Apollodorum,
517 2523 639 2600 Syllum,
654 2534 782 2592 caeteros,
803 2524 900 2599 figebat
917 2524 1004 2593 male-

178 2599 281 2671 dictis;
303 2600 351 2659 sed
365 2602 506 2663 Socratem
520 2604 622 2684 ipsum,
648 2614 791 2684 parentem
804 2603 1002 2681 philosophiae,

177 2682 278 2754 Latino
293 2684 375 2743 verbo
384 2693 479 2755 utens,
494 2702 618 2745 scuriam
633 2686 763 2744 Atticum
778 2684 861 2743 fuisse
875 2684 1001 2744 dicebat:

175 2763 363 2841 Chrysippum
377 2768 591 2843 nunquamnisi
606 2766 776 2844 Chesippum
791 2767 914 2825 vocabat.
943 2768 1002 2824 .Tu

175 2843 234 2921 ipse
243 2846 325 2921 paulo
334 2856 409 2917 ante,
423 2867 488 2905 cum
498 2856 768 2924 tanquamsenatum
778 2847 1002 2925 philosophorum

175 2924 310 2993 recitares,
332 2947 455 2986 summos
469 2930 541 2987 viros
554 2928 687 3005 desipere,
710 2927 834 2994 delirare,
860 2928 1003 2986 dementes

174 3024 232 3063 esse
245 3005 362 3065 dicebas.
403 3007 529 3075 Quorum
542 3008 566 3066 si
587 3028 670 3066 neum
691 3028 789 3067 verum
811 3008 882 3065 vidit
902 3009 936 3066 de
951 3028 1002 3065 na-

169 3096 238 3145 tura
258 3086 383 3156 deorum,
415 3090 568 3149 verendum
588 3096 641 3156 est,
675 3108 710 3147 ne
730 3090 809 3148 nulla
829 3088 866 3145 sit
880 3088 1001 3146 omnino.

177 3165 253 3224 Nam
264 3166 326 3235 ista,
337 3188 410 3244 quae
421 3189 469 3228 vos
479 3168 584 3239 dicitis,
599 3166 1020 3231 eunttotacemmentxtxs,ixs

168 3244 253 3321 digna
265 3247 462 3311 lucubratione
475 3251 676 3313 anicularum.
715 3252 798 3311 lion
809 3245 896 3303 emm
913 3235 1036 3317 scamma

155 3341 244 3397 qaam
259 3328 358 3392 multa
373 3334 458 3397 vobis
471 3334 673 3421 suscipienda
685 3333 763 3404 siin,
778 3316 1043 3399 amomi&
