2367 3817
181 469 246 523 cre.
259 473 334 522 o·.1o.
396 465 448 523 nu
465 462 617 524 aarum
636 460 804 524 Daunum.
975 462 1007 521 to

180 586 231 654 vis,
246 596 334 646 terrae
345 585 479 654 cavernis,
493 585 668 644 contineatur
678 584 792 646 caloris:
814 604 901 662 eaque
912 584 1004 643 hieme

179 667 215 724 sit
229 667 355 725 densior:
379 669 414 725 ob
428 684 676 743 eamqueeausam
697 665 814 725 calorem
835 665 952 724 insitum
974 663 1003 723 in

178 748 258 805 terris
271 749 412 806 contineat
425 747 536 805 arctius.
761 761 764 768 “
866 795 869 800 2
956 799 961 806 .

181 849 183 854 ·
217 829 256 886 Χ.
279 830 429 905 Longaeat
449 827 544 893 oratio,
567 825 730 901 multaeque
747 826 877 893 rationes
902 826 1004 903 quibus

176 908 266 967 doceri
289 910 385 987 possit,
408 907 511 975 omnia,
533 927 605 984 quae
626 915 699 964 terra
719 906 863 983 concipiat,
886 908 1001 970 semina.

174 1007 302 1066 quaeque
315 988 375 1065 ipsa
388 1007 424 1045 ex
444 1008 472 1045 se
493 995 631 1064 generata,
649 985 784 1064 stirpibus
806 986 894 1047 infixa
914 989 1003 1046 conti.

174 1078 252 1137 neat,
278 1088 320 1136 ea,
342 1066 541 1145 temperatione
561 1066 665 1134 caloris,
690 1077 718 1128 et
732 1066 795 1126 oriri
809 1076 838 1125 et
851 1086 1002 1145 augescere.

174 1151 274 1227 Atque
287 1168 376 1225 aquae
389 1148 474 1207 etiam
488 1147 641 1207 admistum
654 1167 713 1207 esse
730 1148 856 1217 calorem,
877 1147 1001 1226 primum

174 1231 233 1308 ipse
247 1230 346 1307 liquor,
368 1238 430 1287 turn
445 1249 533 1306 aquae
552 1228 672 1288 declarat
692 1228 804 1291 effusio:
826 1249 899 1306 quae
910 1247 1006 1306 neque*

174 1311 355 1388 conglaciaret
376 1311 529 1389 liigoribus,
554 1329 646 1387 neque
662 1310 732 1367 nive
756 1309 910 1388 pruinaque
935 1330 1001 1370 con.

174 1401 313 1460 cresceret,
333 1392 389 1450 nisi
402 1391 498 1450 eadem
513 1412 552 1459 ae,
576 1390 696 1450 admisto
710 1391 797 1450 calore
810 1390 958 1468 liquefacta
971 1403 1000 1450 et

173 1472 288 1551 dilapsa,
309 1472 484 1531 diffunderet.
527 1474 626 1548 ltaque
640 1481 669 1529 et.
681 1471 857 1548 aquilonibus
871 1471 1000 1548 reliquis.

172 1573 227 1630 que
246 1554 391 1631 iiigoribus
410 1552 525 1631 adjectis
538 1552 658 1611 durescit
679 1551 797 1609 humor:
822 1561 851 1610 et
864 1551 940 1609 idem
955 1552 999 1609 ri.

171 1634 265 1692 rissim
279 1634 405 1692 mollitur
418 1634 580 1711 tepefactus,
595 1642 623 1691 ct
637 1632 753 1690 tabescit
763 1631 859 1690 calore.
902 1632 998 1708 Atque

170 1714 361 1773 etiam'uraria
373 1714 479 1792 agitata
492 1713 584 1772 ventis
598 1712 639 1772 itu
651 1720 805 1788 tepescunt,
828 1721 860 1770 ut
880 1712 999 1791 intelligi

170 1795 249 1854 facile
263 1794 359 1875 possit,
380 1794 410 1853 in
435 1793 522 1853 tantis
542 1793 598 1851 illis
610 1792 774 1851 humoribus
787 1792 926 1851 inclusum
940 1812 998 1853 esse

170 1876 297 1935 calorem.
340 1876 402 1933 Nec
416 1875 493 1934 enim
507 1874 554 1933 ille
568 1883 699 1933 externus
713 1883 741 1933 et
755 1872 926 1934 adventitius
946 1874 998 1934 ha-

157 1955 277 2015 ·bendus
291 1966 332 2015 est
346 1966 432 2034 tepor,
457 1955 504 2014 sed
518 1976 554 2013 ex
568 1954 676 2013 intimis
700 1954 784 2013 maris
798 1955 923 2033 partibus
936 1956 998 2033 agi.

168 2038 275 2096 tatione
296 2038 450 2095 excitatus:
482 2036 557 2113 quod
571 2035 683 2095 ‘nostris
707 2055 816 2112 quoque
840 2035 995 2113 corporibus

168 2118 314 2196 contingit,
339 2124 403 2175 cum
417 2126 596 2194 metuatque
610 2116 804 2175 exercitatione
817 2117 994 2176 recalescunt.

169 2200 233 2277 Ipse
246 2218 311 2257 vero
324 2202 381 2267 aer,
396 2199 446 2275 qu'i
459 2206 560 2258 nature
573 2206 615 2257 est
628 2197 752 2257 maxime
765 2196 889 2273 frigidus,
908 2197 995 2256 mini.

167 2299 214 2337 me
235 2288 276 2338 est
296 2300 393 2357 expers
413 2279 520 2338 caloris.
561 2279 614 2338 Ille
635 2298 699 2337 vero
719 2286 748 2335 et
767 2277 859 2336 multo
877 2278 992 2355 quidem

166 2361 254 2419 calore
267 2360 405 2419 admistus
417 2369 476 2418 est:
499 2359 557 2436 ipso
577 2360 653 2418 enirn
667 2358 756 2417 oritur
767 2378 802 2416 ex
816 2358 993 2435 respiratione

163 2459 322 2516 aquarum:
346 2459 442 2498 aarum
456 2439 532 2497 enim
546 2440 625 2518 quasi
647 2440 730 2518 vapor
749 2438 865 2516 quidam
879 2442 927 2498 ae'r
940 2440 991 2500 ha-

164 2519 273 2577 bendus
287 2529 337 2577 est.
381 2520 410 2577 Is
422 2529 519 2579 autern
532 2520 627 2579 existit
640 2530 720 2580 motu
735 2521 794 2598 ejus
810 2520 915 2590 caloris,
941 2522 990 2597 qui

163 2600 245 2677 aquis
258 2600 439 2660 contineturr‘
454 2621 540 2678 quam
553 2600 767 2662 similitudinem
778 2620 886 2658 cernere
895 2620 991 2679 possu-

163 2700 228 2743 mus
240 2682 270 2740 in
285 2682 319 2740 iis
332 2682 422 2759 aquis,
443 2702 514 2760 quae
527 2682 708 2742 effervescunt
732 2680 850 2742 subditis
870 2681 990 2759 ignibus.

163 2761 231 2821 Jam
246 2765 311 2822 vero
324 2764 430 2840 reliqua
443 2772 620 2842 quartu'pars'
631 2762 741 2831 mundi,
762 2781 794 2821 aa
807 2771 836 2821 et
850 2762 910 2840 ipsa
930 2772 989 2823 tota

162 2852 264 2901 nature
276 2843 383 2903 fervida
394 2853 447 2911 est,
467 2854 497 2904 et
510 2844 624 2904 caeteris
643 2843 751 2903 naturis
771 2842 901 2902 omnibus
914 2845 988 2903 salu·

161 2932 251 2985 tarem
265 2924 390 3002 impertit
403 2935 432 2984 et
445 2925 561 2984 vitalem
575 2925 702 2984 calorem.
743 2925 857 3000 Exque
876 2925 986 2984 conclu·

162 3004 249 3075 ditur,
274 3025 339 3063 cum
353 3015 448 3064 omnes
461 3006 562 3065 mundi
582 3014 675 3081 partes
687 3003 878 3063 sustineantur
891 3004 988 3074 calore,

161 3086 301 3145 mundum
315 3084 401 3144 etiam
415 3086 508 3164 ipsum
521 3084 608 3144 simili
621 3085 735 3163 parique
748 3094 849 3144 natura
862 3084 891 3142 in
906 3092 986 3142 tanta

160 3166 346 3226 diuturnitate
373 3166 495 3225 servari:
526 3185 613 3243 eoque
639 3164 739 3243 magis,
764 3164 843 3243 quod
867 3162 989 3237 intelliqu

155 3245 246 3315 debet,
261 3246 385 3306 calidum
398 3246 473 3309 illud
485 3257 574 3327 atque
586 3247 712 3329 igneum
718 3245 811 3307 'ita'xu
818 3239 1017 3303 ommium

143 3334 328 3397 mmmm,
354 3329 447 3392 utin
474 3351 507 3396 eo
530 3331 607 3396 insit
627 3323 873 3415 procreanbxn'rs
892 3324 935 3403 et·
949 3328 1045 3371 sauss
