2367 3817
174 459 240 510 cn.
254 458 295 507 rs.
386 454 450 506 oa
467 454 619 509 urruns
637 454 804 509 onosuu.
956 439 1004 509 ise

176 569 294 641 venisse,
308 567 469 650 primusque
480 573 583 630 vulnus
592 571 695 630 dicitur
704 570 885 649 obligavisse:
906 590 1005 631 secun-

176 653 229 712 dus
253 651 365 712 secundi
389 652 521 710 Mercurii
544 653 649 722 frater3
671 653 694 710 is
709 653 826 711 fulmine
849 668 1002 729 percussus,

176 734 279 793 dicitur
292 735 427 792 humatus
447 752 505 791 esse
519 732 690 812 Cynosuris:
716 733 824 802 tertius,
848 733 960 813 Arsippi
975 746 1003 792 et

177 815 321 884 Arsinoae,
347 814 396 891 qui
420 814 528 891 primus
551 814 744 892 purgationem
766 813 833 881 alvi,
857 814 1004 894 dentisque

149 925 151 930 ·
175 896 356 962 evulsionem,
371 905 404 952 ut
414 895 516 962 ferunt,
530 894 656 953 invenit:
680 896 758 973 cujus
773 894 801 951 in
816 894 937 953 Arcadia
945 914 1009 955 non·

174 978 255 1053 longe
264 997 282 1034 a
294 976 378 1033 Lusio
391 976 508 1034 flumine
522 976 678 1055 sepulcrum
691 986 719 1034 et
732 976 812 1033 lucus
825 974 989 1035 ostenditur.

216 1057 335 1114 XXIII.
359 1056 523 1134 Apollinum
538 1056 749 1134 antiquissimus
768 1054 800 1122 is,
822 1074 905 1131 quem
920 1057 1002 1132 paulo

174 1148 241 1197 aute
254 1158 290 1196 ex
302 1138 430 1197 Vulcano
444 1146 545 1197 natum
558 1158 617 1195 esse
631 1136 701 1206 dixi,
715 1135 857 1196 custodem
874 1136 1007 1196 Athena

174 1239 258 1278 rum:
280 1219 352 1277 alter
366 1215 532 1296 Corybantis
551 1218 636 1288 filius,
657 1227 741 1277 natus
755 1217 784 1275 in
799 1217 900 1286 Creta3
923 1220 966 1297 cuj
971 1239 1002 1277 us

174 1300 209 1358 de
222 1300 271 1358 illa
284 1300 376 1379 insula
389 1320 453 1358 curn
474 1300 545 1359 Jove
565 1299 624 1378 ipso
645 1310 785 1357 certamen
809 1297 893 1358 fuisse
912 1300 1001 1358 tradi-

174 1391 240 1440 tur:
263 1382 362 1440 tertius
375 1382 447 1440 Jove
467 1382 550 1439 tertio
570 1391 654 1440 natus
675 1389 704 1437 et
725 1381 841 1448 Latona,
867 1399 951 1455 quem
966 1399 1001 1439 ex

174 1458 362 1539 Hyperboreis
386 1462 509 1537 Delphos
531 1460 625 1517 ferunt
648 1458 811 1517 advenisse:
834 1468 949 1534 quartus
971 1462 1001 1519 in

174 1540 306 1608 Arcadia,
327 1560 412 1615 quem
428 1540 549 1597 Arcades
564 1539 736 1597 Nomionem
756 1539 904 1615 appellant,
927 1541 1001 1615 quod

173 1623 209 1679 ab
224 1640 255 1678 eo
269 1641 297 1678 se
311 1620 383 1696 leges
396 1620 489 1677 ferunt
503 1619 645 1697 accepisse.
688 1618 794 1677 Dianae
808 1618 877 1677 item
890 1620 998 1698 plures:

174 1701 266 1779 prima
279 1701 359 1758 Jovis
373 1710 401 1759 et
415 1700 601 1777 Proserpinae,
623 1720 694 1776 quae
713 1700 863 1777 pinnatum
885 1700 1000 1778 Cupidi-

174 1801 240 1839 nem
265 1780 390 1859 genuisse
413 1781 533 1839 dicitur:
556 1781 677 1839 secunda
699 1781 798 1850 notior,
821 1800 906 1857 quam
928 1782 1000 1841 Jove

174 1862 256 1920 tertio
267 1871 295 1921 et
306 1863 413 1921 Latona
426 1872 522 1921 natam
536 1863 709 1941 accepimus:
729 1862 829 1922 tertiae
839 1871 918 1940 pater
926 1864 1000 1942 Upis

173 1944 302 2012 traditur,
317 1944 422 2025 Glauce
436 1955 545 2016 mater;
568 1964 630 2003 eam
642 1943 740 2003 Graeci
755 1964 834 2022 saepe
845 1944 934 2023 Upim
948 1966 1001 2030 ps.

172 2036 251 2083 temo
263 2026 377 2084 nomine
386 2027 536 2104 appellant.
578 2027 716 2105 Dionysos
729 2027 833 2084 multos
843 2026 978 2086 habemus
989 2050 997 2089 z

172 2105 297 2184 primurn
310 2107 382 2166 Jove
396 2118 424 2165 et
439 2106 600 2185 Proserpina
613 2116 730 2165 natum:
753 2106 906 2166 secundum
919 2107 997 2177 Nilo,

172 2186 222 2265 qui
237 2187 350 2266 Nysam
364 2188 466 2246 dicitur
479 2188 667 2246 interemisse:
693 2188 820 2256 tertium,
835 2187 934 2266 Capria
947 2209 998 2267 pa.

172 2280 224 2338 tre,
247 2290 368 2346 eumque
391 2288 483 2345 regem
499 2269 583 2327 Asiae
597 2268 745 2346 praefuisse
759 2267 866 2337 dicunt,
887 2268 933 2327 cui
947 2270 998 2329 Sa·

171 2350 251 2408 baria
274 2360 340 2408 sunt
364 2350 512 2407 instituta:
535 2359 669 2425 quartum
688 2349 760 2406 Jove
782 2357 811 2407 et
836 2350 927 2420 Luna,
953 2350 998 2409 cui

172 2449 247 2487 sacra
256 2430 377 2507 Orphica
386 2438 523 2507 putantur
533 2428 645 2487 confici:
667 2429 801 2507 quintum
814 2429 886 2489 Niso
896 2439 997 2490 natum

171 2520 200 2568 ct
215 2511 341 2588 Thyone,
356 2530 375 2568 a
387 2530 442 2586 quo
457 2510 623 2567 Trieterides
637 2511 801 2569 constitutae
811 2520 956 2589 putantur.
1023 2512 1024 2516 ’

212 2590 311 2650 Venus
325 2591 417 2668 prima
430 2590 511 2649 Coele
523 2599 550 2648 et
559 2590 614 2647 Die
627 2600 713 2659 nata3
736 2591 814 2670 cujus
826 2592 907 2651 Elide
917 2591 998 2652 delu.

170 2673 253 2730 brurn
267 2672 413 2729 videmus:
440 2671 536 2738 altera,
558 2692 658 2751 spuma
677 2680 827 2749 procreata,
851 2692 886 2731 ex
899 2694 956 2750 qua
969 2684 997 2735 et

172 2752 309 2811 Mercurio
331 2751 499 2829 Cupidinem
520 2752 674 2811 secundum
698 2763 798 2811 natum
819 2755 994 2832 accepimus:

170 2833 262 2902 tertia,
283 2833 356 2891 Jove
367 2842 445 2902 nata,
467 2842 495 2891 et
516 2833 618 2901 Diona,
639 2853 711 2909 quae
730 2832 826 2911 nupsit
847 2835 996 2894 Vulcano:

170 2913 266 2971 sodex
286 2933 319 2971 ea
339 2922 367 2970 et
383 2914 474 2972 Marte
493 2924 577 2972 natus
597 2914 718 2972 Anteros
739 2915 858 2973 dicitur:
887 2925 995 2992 quarta,

170 2994 261 3071 Syria,
298 2994 428 3070 'syroque
451 3004 591 3072 concepta,
619 3014 690 3071 quae
704 2995 833 3054 'Astarte
861 3004 994 3066 vocatur3

169 3093 255 3150 quam
271 3074 394 3133 Adonidi
402 3074 527 3152 nupsisse
535 3074 677 3153 proditum
698 3085 748 3134 est.
790 3076 920 3134 Minerva
939 3076 996 3153 pri·

168 3174 226 3224 ma,
248 3174 333 3231 quam
349 3154 487 3231 Apollinis
496 3166 616 3214 matrem
625 3155 859 3233 supradiximuss
878 3155 1005 3211 secuude

166 3245 226 3293 orta
240 3236 319 3305 Nilo,
341 3256 430 3313 quam
447 3237 589 3319 Aegyptii
600 3238 704 3297 Saitae
723 3236 846 3295 seuseu.
861 3229 1034 3286 semesa,

154 3332 243 3388 suam
256 3316 333 3379 Jove
345 3330 523 3400 generatam
546 3341 641 3405 supra
658 3318 822 3380 ursimus·
851 3311 966 3381 ”iffi
976 3298 1040 3350 w
