<?xml version="1.0" encoding="UTF-8"?>
<!DOCTYPE html PUBLIC "-//W3C//DTD XHTML 1.0 Transitional//EN"
    "http://www.w3.org/TR/xhtml1/DTD/xhtml1-transitional.dtd">
<html xmlns="http://www.w3.org/1999/xhtml" xml:lang="en" lang="en">
 <head>
  <title>
</title>
<meta http-equiv="Content-Type" content="text/html;charset=utf-8" />
  <meta name='ocr-system' content='tesseract 3.04.00' />
  <meta name='ocr-capabilities' content='ocr_page ocr_carea ocr_par ocr_line ocrx_word'/>
</head>
<body>
  <div class='ocr_page' id='page_1' title='image "./mtulliiciceroni00schogoog_0020.png"; bbox 0 0 2367 3817; ppageno 0'>
   <div class='ocr_carea' id='block_1_1' title="bbox 268 285 949 1568">
    <p class='ocr_par' dir='ltr' id='par_1_1' title="bbox 282 285 949 605">
     <span class='ocr_line' id='line_1_1' title="bbox 284 285 949 363; baseline 0.005 -24"><span class='ocrx_word' id='word_1_1' title='bbox 284 286 347 341; x_wconf 78' lang='lat' dir='ltr'>Jum</span> <span class='ocrx_word' id='word_1_2' title='bbox 361 294 457 342; x_wconf 85' lang='lat' dir='ltr'>autem</span> <span class='ocrx_word' id='word_1_3' title='bbox 471 285 531 343; x_wconf 83' lang='lat' dir='ltr'>sine</span> <span class='ocrx_word' id='word_1_4' title='bbox 544 305 653 363; x_wconf 80' lang='lat' dir='ltr'>corpore</span> <span class='ocrx_word' id='word_1_5' title='bbox 667 286 741 343; x_wconf 87' lang='lat' dir='ltr'>idern</span> <span class='ocrx_word' id='word_1_6' title='bbox 756 285 819 344; x_wconf 88' lang='lat' dir='ltr'>vult</span> <span class='ocrx_word' id='word_1_7' title='bbox 840 304 897 344; x_wconf 84' lang='lat' dir='ltr'>esse</span> <span class='ocrx_word' id='word_1_8' title='bbox 910 286 949 343; x_wconf 73' lang='lat' dir='ltr'>der</span> 
     </span>
     <span class='ocr_line' id='line_1_2' title="bbox 284 363 948 442; baseline 0.008 -23"><span class='ocrx_word' id='word_1_9' title='bbox 284 363 353 420; x_wconf 85' lang='lat' dir='ltr'>llum</span> <span class='ocrx_word' id='word_1_10' title='bbox 376 384 457 422; x_wconf 83' lang='lat' dir='ltr'>sensu</span> <span class='ocrx_word' id='word_1_11' title='bbox 485 365 587 442; x_wconf 83' lang='lat' dir='ltr'>privat,</span> <span class='ocrx_word' id='word_1_12' title='bbox 609 365 696 424; x_wconf 84' lang='lat' dir='ltr'>etiam</span> <span class='ocrx_word' id='word_1_13' title='bbox 716 365 873 442; x_wconf 84' lang='lat' dir='ltr'>prudentia.</span> <span class='ocrx_word' id='word_1_14' title='bbox 928 365 948 433; x_wconf 78' lang='lat' dir='ltr'>Q</span> 
     </span>
     <span class='ocr_line' id='line_1_3' title="bbox 282 442 938 524; baseline 0.005 -23"><span class='ocrx_word' id='word_1_15' title='bbox 282 442 353 502; x_wconf 83' lang='lat' dir='ltr'>nodo</span> <span class='ocrx_word' id='word_1_16' title='bbox 369 444 492 503; x_wconf 84' lang='lat' dir='ltr'>mundus</span> <span class='ocrx_word' id='word_1_17' title='bbox 505 446 611 504; x_wconf 84' lang='lat' dir='ltr'>moveri</span> <span class='ocrx_word' id='word_1_18' title='bbox 626 465 720 504; x_wconf 81' lang='lat' dir='ltr'>carens</span> <span class='ocrx_word' id='word_1_19' title='bbox 733 466 862 524; x_wconf 70' lang='grc' dir='ltr'>οοτροτες</span> <span class='ocrx_word' id='word_1_20' title='bbox 888 456 938 505; x_wconf 83' lang='lat' dir='ltr'>aut</span> 
     </span>
     <span class='ocr_line' id='line_1_4' title="bbox 280 527 946 605; baseline 0.003 -24.012"><span class='ocrx_word' id='word_1_21' title='bbox 280 543 378 602; x_wconf 71' lang='lat' dir='ltr'>emper</span> <span class='ocrx_word' id='word_1_22' title='bbox 391 545 420 583; x_wconf 86' lang='lat' dir='ltr'>se</span> <span class='ocrx_word' id='word_1_23' title='bbox 433 545 557 594; x_wconf 84' lang='lat' dir='ltr'>movens,</span> <span class='ocrx_word' id='word_1_24' title='bbox 572 547 629 584; x_wconf 84' lang='lat' dir='ltr'>esse</span> <span class='ocrx_word' id='word_1_25' title='bbox 643 527 755 602; x_wconf 82' lang='lat' dir='ltr'>quietus</span> <span class='ocrx_word' id='word_1_26' title='bbox 768 536 797 586; x_wconf 85' lang='lat' dir='ltr'>et</span> <span class='ocrx_word' id='word_1_27' title='bbox 810 528 907 585; x_wconf 81' lang='lat' dir='ltr'>beatus</span> <span class='ocrx_word' id='word_1_28' title='bbox 920 548 946 605; x_wconf 74' lang='lat' dir='ltr'>pr</span> 
     </span>
    </p>

    <p class='ocr_par' dir='ltr' id='par_1_2' title="bbox 271 605 945 1328">
     <span class='ocr_line' id='line_1_5' title="bbox 313 605 945 701; baseline 0.006 -39"><span class='ocrx_word' id='word_1_29' title='bbox 313 605 374 663; x_wconf 85' lang='lat' dir='ltr'>Nec</span> <span class='ocrx_word' id='word_1_30' title='bbox 391 626 453 665; x_wconf 87' lang='lat' dir='ltr'>vero</span> <span class='ocrx_word' id='word_1_31' title='bbox 468 608 527 685; x_wconf 83' lang='lat' dir='ltr'>ejus</span> <span class='ocrx_word' id='word_1_32' title='bbox 541 607 744 701; x_wconf 69' lang='lat' dir='ltr'>cundisuipulus</span> <span class='ocrx_word' id='word_1_33' title='bbox 758 608 897 667; x_wconf 84' lang='lat' dir='ltr'>Xenocrat</span> <span class='ocrx_word' id='word_1_34' title='bbox 885 616 926 666; x_wconf 86' lang='lat' dir='ltr'>tes</span> <span class='ocrx_word' id='word_1_35' title='bbox 940 609 945 666; x_wconf 84' lang='lat' dir='ltr'>i</span> 
     </span>
     <span class='ocr_line' id='line_1_6' title="bbox 279 687 943 767; baseline 0.006 -25"><span class='ocrx_word' id='word_1_36' title='bbox 279 706 333 743; x_wconf 81' lang='lat' dir='ltr'>rere</span> <span class='ocrx_word' id='word_1_37' title='bbox 347 687 474 764; x_wconf 87' lang='lat' dir='ltr'>prtuden</span> <span class='ocrx_word' id='word_1_38' title='bbox 468 709 525 747; x_wconf 86' lang='lat' dir='ltr'>ror.</span> <span class='ocrx_word' id='word_1_39' title='bbox 553 689 581 746; x_wconf 90' lang='lat' dir='ltr'>in</span> <span class='ocrx_word' id='word_1_40' title='bbox 597 690 676 767; x_wconf 86' lang='lat' dir='ltr'>eujus</span> <span class='ocrx_word' id='word_1_41' title='bbox 689 687 775 758; x_wconf 86' lang='lat' dir='ltr'>libris,</span> <span class='ocrx_word' id='word_1_42' title='bbox 798 689 943 765; x_wconf 89' lang='lat' dir='ltr'>quisunt</span> 
     </span>
     <span class='ocr_line' id='line_1_7' title="bbox 278 765 943 848; baseline 0.005 -26"><span class='ocrx_word' id='word_1_43' title='bbox 278 765 393 836; x_wconf 78' lang='lat' dir='ltr'>luorum,</span> <span class='ocrx_word' id='word_1_44' title='bbox 408 770 487 827; x_wconf 84' lang='lat' dir='ltr'>nulla</span> <span class='ocrx_word' id='word_1_45' title='bbox 499 771 601 848; x_wconf 83' lang='lat' dir='ltr'>species</span> <span class='ocrx_word' id='word_1_46' title='bbox 614 769 711 828; x_wconf 81' lang='lat' dir='ltr'>divina</span> <span class='ocrx_word' id='word_1_47' title='bbox 720 768 892 828; x_wconf 83' lang='lat' dir='ltr'><strong>describitur.</strong></span> <span class='ocrx_word' id='word_1_48' title='bbox 934 769 943 825; x_wconf 94' lang='grc'>]</span> 
     </span>
     <span class='ocr_line' id='line_1_8' title="bbox 277 849 928 928; baseline 0.005 -25"><span class='ocrx_word' id='word_1_49' title='bbox 277 857 327 904; x_wconf 85' lang='lat' dir='ltr'>›cto</span> <span class='ocrx_word' id='word_1_50' title='bbox 342 869 399 907; x_wconf 86' lang='lat' dir='ltr'>esse</span> <span class='ocrx_word' id='word_1_51' title='bbox 413 850 499 908; x_wconf 90' lang='lat' dir='ltr'>dicit:</span> <span class='ocrx_word' id='word_1_52' title='bbox 522 852 646 928; x_wconf 83' lang='lat' dir='ltr'>quinque</span> <span class='ocrx_word' id='word_1_53' title='bbox 660 870 714 920; x_wconf 86' lang='lat' dir='ltr'>eos,</span> <span class='ocrx_word' id='word_1_54' title='bbox 736 850 785 926; x_wconf 91' lang='lat' dir='ltr'>qui</span> <span class='ocrx_word' id='word_1_55' title='bbox 798 850 828 908; x_wconf 91' lang='lat' dir='ltr'>in</span> <span class='ocrx_word' id='word_1_56' title='bbox 842 849 928 907; x_wconf 83' lang='lat' dir='ltr'>stellis</span> 
     </span>
     <span class='ocr_line' id='line_1_9' title="bbox 278 928 940 1007; baseline 0.006 -25"><span class='ocrx_word' id='word_1_57' title='bbox 278 928 428 986; x_wconf 83' lang='lat' dir='ltr'>ninantur:</span> <span class='ocrx_word' id='word_1_58' title='bbox 452 951 552 1006; x_wconf 87' lang='lat' dir='ltr'>unum,</span> <span class='ocrx_word' id='word_1_59' title='bbox 564 932 613 1007; x_wconf 93' lang='lat' dir='ltr'>qui</span> <span class='ocrx_word' id='word_1_60' title='bbox 624 952 659 989; x_wconf 87' lang='lat' dir='ltr'>ex</span> <span class='ocrx_word' id='word_1_61' title='bbox 670 932 798 990; x_wconf 87' lang='lat' dir='ltr'>omnibus</span> <span class='ocrx_word' id='word_1_62' title='bbox 809 930 940 988; x_wconf 82' lang='lat' dir='ltr'>sideribus</span> 
     </span>
     <span class='ocr_line' id='line_1_10' title="bbox 276 1006 939 1086; baseline 0.003 -25.003"><span class='ocrx_word' id='word_1_63' title='bbox 276 1006 323 1063; x_wconf 83' lang='lat' dir='ltr'>ixa</span> <span class='ocrx_word' id='word_1_64' title='bbox 337 1009 410 1065; x_wconf 83' lang='lat' dir='ltr'>coela</span> <span class='ocrx_word' id='word_1_65' title='bbox 424 1019 499 1077; x_wconf 88' lang='lat' dir='ltr'>sunt,</span> <span class='ocrx_word' id='word_1_66' title='bbox 521 1030 555 1067; x_wconf 84' lang='lat' dir='ltr'>ex</span> <span class='ocrx_word' id='word_1_67' title='bbox 569 1011 697 1086; x_wconf 81' lang='lat' dir='ltr'>dispersis</span> <span class='ocrx_word' id='word_1_68' title='bbox 717 1010 796 1084; x_wconf 82' lang='lat' dir='ltr'>quasi</span> <span class='ocrx_word' id='word_1_69' title='bbox 816 1008 939 1065; x_wconf 83' lang='lat' dir='ltr'>membri</span> 
     </span>
     <span class='ocr_line' id='line_1_11' title="bbox 273 1085 938 1165; baseline -0.002 -23"><span class='ocrx_word' id='word_1_70' title='bbox 273 1086 303 1143; x_wconf 72' lang='lat' dir='ltr'>tit</span> <span class='ocrx_word' id='word_1_71' title='bbox 313 1098 365 1165; x_wconf 86' lang='lat' dir='ltr'>put</span> <span class='ocrx_word' id='word_1_72' title='bbox 354 1088 455 1146; x_wconf 88' lang='lat' dir='ltr'>andus</span> <span class='ocrx_word' id='word_1_73' title='bbox 465 1089 551 1147; x_wconf 85' lang='lat' dir='ltr'>deus</span> <span class='ocrx_word' id='word_1_74' title='bbox 574 1089 734 1165; x_wconf 86' lang='lat' dir='ltr'>septimum,</span> <span class='ocrx_word' id='word_1_75' title='bbox 750 1087 835 1144; x_wconf 86' lang='lat' dir='ltr'>solem</span> <span class='ocrx_word' id='word_1_76' title='bbox 845 1085 938 1161; x_wconf 66' lang='lat' dir='ltr'>adjun1</span> 
     </span>
     <span class='ocr_line' id='line_1_12' title="bbox 272 1165 937 1246; baseline 0 -25"><span class='ocrx_word' id='word_1_77' title='bbox 272 1186 397 1244; x_wconf 73' lang='lat' dir='ltr'>tamque,</span> <span class='ocrx_word' id='word_1_78' title='bbox 411 1169 523 1227; x_wconf 79' lang='lat' dir='ltr'>lunam:</span> <span class='ocrx_word' id='word_1_79' title='bbox 546 1169 595 1246; x_wconf 88' lang='lat' dir='ltr'>qui</span> <span class='ocrx_word' id='word_1_80' title='bbox 610 1187 664 1244; x_wconf 89' lang='lat' dir='ltr'>quo</span> <span class='ocrx_word' id='word_1_81' title='bbox 675 1186 756 1225; x_wconf 80' lang='lat' dir='ltr'>sensu</span> <span class='ocrx_word' id='word_1_82' title='bbox 767 1165 838 1225; x_wconf 83' lang='lat' dir='ltr'>beati</span> <span class='ocrx_word' id='word_1_83' title='bbox 848 1183 905 1222; x_wconf 82' lang='lat' dir='ltr'>esse</span> <span class='ocrx_word' id='word_1_84' title='bbox 916 1184 937 1241; x_wconf 93' lang='lat' dir='ltr'>p</span> 
     </span>
     <span class='ocr_line' id='line_1_13' title="bbox 271 1247 565 1328; baseline 0.014 -24"><span class='ocrx_word' id='word_1_85' title='bbox 271 1247 353 1326; x_wconf 62' lang='lat' dir='ltr'>&gt;elligi</span> <span class='ocrx_word' id='word_1_86' title='bbox 366 1270 422 1309; x_wconf 87' lang='lat' dir='ltr'>non</span> <span class='ocrx_word' id='word_1_87' title='bbox 437 1259 535 1328; x_wconf 82' lang='lat' dir='ltr'>potest.</span> <span class='ocrx_word' id='word_1_88' title='bbox 561 1295 565 1302; x_wconf 91' lang='lat'>.</span> 
     </span>
    </p>

    <p class='ocr_par' dir='ltr' id='par_1_3' title="bbox 268 1326 936 1568">
     <span class='ocr_line' id='line_1_14' title="bbox 306 1326 936 1398; baseline -0.005 -11"><span class='ocrx_word' id='word_1_89' title='bbox 306 1330 351 1388; x_wconf 83' lang='lat' dir='ltr'>Ex</span> <span class='ocrx_word' id='word_1_90' title='bbox 378 1330 474 1398; x_wconf 71' lang='lat' dir='ltr'>eudem</span> <span class='ocrx_word' id='word_1_91' title='bbox 503 1329 625 1388; x_wconf 81' lang='lat' dir='ltr'>Platonis</span> <span class='ocrx_word' id='word_1_92' title='bbox 653 1329 743 1387; x_wconf 84' lang='lat' dir='ltr'>schola</span> <span class='ocrx_word' id='word_1_93' title='bbox 771 1326 901 1385; x_wconf 87' lang='lat' dir='ltr'>Ponticus</span> <span class='ocrx_word' id='word_1_94' title='bbox 930 1327 936 1384; x_wconf 75' lang='lat' dir='ltr'>i</span> 
     </span>
     <span class='ocr_line' id='line_1_15' title="bbox 269 1410 934 1485; baseline 0 -17"><span class='ocrx_word' id='word_1_95' title='bbox 269 1410 415 1485; x_wconf 79' lang='lat' dir='ltr'>puerilibus</span> <span class='ocrx_word' id='word_1_96' title='bbox 440 1410 540 1469; x_wconf 84' lang='lat' dir='ltr'>fabulis</span> <span class='ocrx_word' id='word_1_97' title='bbox 566 1410 672 1469; x_wconf 83' lang='lat' dir='ltr'>refersit</span> <span class='ocrx_word' id='word_1_98' title='bbox 695 1410 796 1468; x_wconf 88' lang='lat' dir='ltr'>libros:</span> <span class='ocrx_word' id='word_1_99' title='bbox 834 1417 861 1468; x_wconf 86' lang='lat' dir='ltr'>et</span> <span class='ocrx_word' id='word_1_100' title='bbox 886 1419 934 1468; x_wconf 85' lang='lat' dir='ltr'>tan</span> 
     </span>
     <span class='ocr_line' id='line_1_16' title="bbox 268 1472 929 1568; baseline 0.002 -21"><span class='ocrx_word' id='word_1_101' title='bbox 268 1472 413 1559; x_wconf 71' lang='lat' dir='ltr'>innnrinm,</span> <span class='ocrx_word' id='word_1_102' title='bbox 428 1499 490 1550; x_wconf 90' lang='lat' dir='ltr'>tum</span> <span class='ocrx_word' id='word_1_103' title='bbox 505 1500 583 1549; x_wconf 89' lang='lat' dir='ltr'>ment</span> <span class='ocrx_word' id='word_1_104' title='bbox 584 1512 629 1550; x_wconf 88' lang='lat' dir='ltr'>ern</span> <span class='ocrx_word' id='word_1_105' title='bbox 644 1491 769 1550; x_wconf 84' lang='lat' dir='ltr'>divinum</span> <span class='ocrx_word' id='word_1_106' title='bbox 781 1510 837 1549; x_wconf 83' lang='lat' dir='ltr'>esse</span> <span class='ocrx_word' id='word_1_107' title='bbox 848 1499 929 1568; x_wconf 86' lang='lat' dir='ltr'>putat</span> 
     </span>
    </p>
   </div>
   <div class='ocr_carea' id='block_1_2' title="bbox 267 1571 933 1708">
    <p class='ocr_par' dir='ltr' id='par_1_4' title="bbox 267 1571 933 1708">
     <span class='ocr_line' id='line_1_17' title="bbox 267 1571 933 1674; baseline 0.005 -47"><span class='ocrx_word' id='word_1_108' title='bbox 267 1572 315 1674; x_wconf 87' lang='lat' dir='ltr'>bus</span> <span class='ocrx_word' id='word_1_109' title='bbox 328 1571 414 1630; x_wconf 82' lang='lat' dir='ltr'>etiarn</span> <span class='ocrx_word' id='word_1_110' title='bbox 428 1572 515 1631; x_wconf 87' lang='lat' dir='ltr'>stellis</span> <span class='ocrx_word' id='word_1_111' title='bbox 528 1572 707 1632; x_wconf 84' lang='lat' dir='ltr'>divinitatem</span> <span class='ocrx_word' id='word_1_112' title='bbox 721 1572 830 1641; x_wconf 80' lang='lat' dir='ltr'>tribuit,</span> <span class='ocrx_word' id='word_1_113' title='bbox 854 1592 933 1630; x_wconf 86' lang='lat' dir='ltr'>sensu</span> 
     </span>
     <span class='ocr_line' id='line_1_18' title="bbox 319 1653 931 1708; baseline 0.016 -10"><span class='ocrx_word' id='word_1_114' title='bbox 319 1673 336 1677; x_wconf 84' lang='grc'>··</span> <span class='ocrx_word' id='word_1_115' title='bbox 458 1654 520 1687; x_wconf 53' lang='lat'>¹⁸⁶5</span> <span class='ocrx_word' id='word_1_116' title='bbox 507 1675 610 1691; x_wconf 67' lang='lat' dir='ltr'>*mm</span> <span class='ocrx_word' id='word_1_117' title='bbox 627 1674 664 1694; x_wconf 76' lang='lat' dir='ltr'>mr</span> <span class='ocrx_word' id='word_1_118' title='bbox 667 1663 704 1696; x_wconf 71' lang='lat' dir='ltr'>int</span> <span class='ocrx_word' id='word_1_119' title='bbox 707 1654 790 1701; x_wconf 68' lang='lat' dir='ltr'>bitum</span> <span class='ocrx_word' id='word_1_120' title='bbox 807 1672 864 1705; x_wconf 60' lang='lat' dir='ltr'>osse</span> <span class='ocrx_word' id='word_1_121' title='bbox 876 1653 931 1708; x_wconf 81' lang='lat' dir='ltr'>vult</span> 
     </span>
    </p>
   </div>
   <div class='ocr_carea' id='block_1_3' title="bbox 0 0 1188 3817">
    <p class='ocr_par' dir='ltr' id='par_1_5' title="bbox 0 0 1188 3817">
     <span class='ocr_line' id='line_1_19' title="bbox 0 0 1188 3817; baseline 0 13"><span class='ocrx_word' id='word_1_122' title='bbox 0 0 1188 3817; x_wconf 95' lang='lat' dir='ltr'> </span> 
     </span>
    </p>
   </div>
  </div>
 </body>
</html>
