2367 3817
178 466 350 528 cananea
411 464 460 516 ns
478 463 638 515 Narona
656 463 825 514 usoaun.
963 466 1011 516 us

178 575 268 645 vitiis,
282 574 333 644 ais,
348 595 405 634 esse
419 575 540 654 culpam.
574 576 648 634 Eam
662 575 781 634 dedisses
794 574 955 633 bominibus
965 596 1011 634 ra.

160 676 162 679 ’
178 657 296 725 tionem,
317 666 445 733 quaet
403 657 431 715 vi
433 656 473 715 tia
487 656 652 734 culpamque
667 656 832 716 excluderet.
876 656 936 715 Ubi
956 656 1011 733 igi

177 747 227 797 tur
240 738 315 796 locus
337 737 392 796 fuit
413 757 496 795 errorr
487 736 648 795 deorum?
671 757 737 795 narn
760 737 935 815 patrimonia,
962 757 1010 814 spo

177 818 249 878 benc
273 818 410 887 tradendi,
436 818 642 894 relinquimus,
674 838 730 894 qua
756 838 903 911 possumus
930 818 1008 878 salli:

178 889 248 957 deus
261 898 320 957 falli
334 900 384 975 qui
406 900 521 977 potuit?
566 899 615 957 An
631 908 663 957 ut
677 898 788 969 Sol,1n
810 919 922 956 currum
943 918 1009 958 curn

178 979 385 1038 Phaethontem
407 980 499 1038 filiurn
521 981 659 1038 sustulit?
682 989 733 1039 aut
755 980 916 1059 Neptunus,
943 999 1008 1037 curn

179 1060 304 1119 Theseus
329 1060 519 1139 Hippolytum
543 1061 673 1138 perdidit,
703 1080 767 1119 curn
792 1071 835 1119 ter
857 1059 1009 1137 optandis

180 1140 317 1218 Neptuno
344 1151 423 1219 patre
450 1142 592 1201 habuisset
618 1145 808 1219 potestatem?
856 1142 1007 1199 Poetarum

178 1221 234 1279 ista
246 1229 330 1280 sunt:
352 1241 402 1280 nos
415 1231 511 1282 autern
526 1221 681 1300 philosophi
692 1224 897 1291 essevolumus,
914 1241 1007 1280 rerum

178 1313 313 1371 auctores,
337 1323 393 1361 uon
418 1303 585 1362 fabularum.
628 1305 724 1381 Atque
746 1302 768 1361 ii
792 1312 886 1362 tamen
902 1303 953 1379 ipsi
968 1302 1008 1360 dii

178 1383 291 1460 poetici,
312 1383 335 1442 si
350 1385 463 1442 scissent
477 1384 628 1462 perniciosa
641 1384 697 1442 fore
717 1384 767 1442 illa
786 1384 859 1451 filiis,
884 1402 1007 1460 peccasse

178 1464 210 1521 in
223 1463 355 1523 beneficio
369 1474 543 1541 putarentur.

221 1544 271 1614 Et,
286 1544 309 1601 si
318 1565 416 1604 verum
430 1554 482 1617 est,
497 1544 571 1622 quod
586 1543 665 1605 Arist
666 1544 780 1605 oClrius
794 1544 882 1603 dicere
893 1543 1008 1611 solebat,

178 1642 276 1684 nocere
299 1626 414 1686 audient
415 1627 478 1684 ibus
502 1626 719 1705 philosophos
700 1648 743 1694 ns,
770 1626 819 1702 qui
843 1623 1008 1686 benedicta

178 1704 274 1764 male
266 1715 533 1784 1nterpretarentur3
555 1727 633 1785 posse
657 1706 733 1765 enirn
755 1716 844 1765 asotos
868 1726 904 1763 ex
927 1705 1009 1763 Aris-

178 1784 261 1862 tippi,
275 1788 541 1846 acerboseZenonis
555 1788 647 1845 schola
661 1788 754 1856 exire3
775 1807 893 1865 pror-,sus
910 1786 942 1854 si,
958 1786 1008 1861 qui

179 1864 340 1936 audierunt,
351 1867 443 1926 vitiosi
455 1878 544 1927 essent
556 1868 709 1936 discessuri,
725 1832 798 1945 qirod
808 1865 1008 1946 perversephi.

180 1946 356 2023 Iosophorum
380 1948 492 2026 disputa
475 1950 596 2008 ationem
626 1950 836 2042 interpretarent
838 1969 889 2017 ur3
919 1958 1009 2006 tacere

180 2036 330 2102 praestaret
343 2029 520 2107 philosophis,
537 2050 622 2106 quarn
635 2031 678 2098 iis,
693 2032 741 2105 qui
753 2052 781 2087 se
791 2030 932 2086 audissent
921 2039 942 2095 t,
957 2048 1007 2085 no·

181 2125 250 2163 cere.
292 2107 346 2177 Sic,
369 2108 392 2165 si
405 2110 531 2169 homines
545 2112 691 2177 rationem,
714 2111 783 2167 bono
798 2109 909 2166 consilio
923 2128 940 2164 a
954 2107 1007 2164 diis

181 2187 385 2247 immortalibus
406 2189 512 2260 datam,
534 2193 563 2250 in
585 2192 712 2249 fraudem
735 2190 928 2265 malitiamque
943 2207 1008 2246 con·

181 2277 313 2338 vertunt3
335 2290 390 2329 non
406 2271 465 2329 dari
480 2272 566 2339 illam,
582 2292 668 2348 quam
683 2271 752 2341 dari,
777 2272 901 2329 humano
916 2267 1008 2347 generi

180 2349 281 2407 melius
294 2348 357 2408 fuit.
400 2352 452 2420 Ut,
478 2353 501 2410 si
515 2353 640 2411 medicus
661 2353 738 2420 sciat,
764 2372 829 2409 euru
854 2361 1007 2427 aegrotum,

181 2430 230 2507 qui
246 2431 341 2508 jussus
355 2432 391 2489 sit
407 2433 506 2491 vinum
520 2453 638 2502 sumere,
661 2433 796 2491 meracius
817 2441 1005 2508 sumpturum,

181 2512 333 2588 statimque
346 2514 502 2590 periturum
513 2535 521 2582 3
543 2533 646 2590 magna
660 2514 696 2571 sit
707 2514 736 2571 in
748 2514 845 2591 culpa:
868 2513 906 2570 sic
918 2520 1009 2570 vestra

181 2592 235 2649 ista
249 2593 426 2653 Providentia
450 2594 683 2671 reprehendenda,
709 2614 780 2671 quae
802 2594 939 2651 rationem
959 2592 1009 2651 de-

181 2672 253 2730 derit
266 2673 310 2742 iis,
335 2692 403 2749 quos
424 2675 515 2732 scierit
529 2694 562 2731 ea
575 2694 700 2752 perverse
714 2685 742 2733 et
757 2675 880 2752 improbe
903 2693 1008 2732 usuros.

182 2753 249 2811 Nisi
263 2753 337 2812 forte.
345 2754 447 2824 dicitis,
472 2774 534 2812 earn
558 2755 684 2815 nescisse.
726 2755 848 2814 Utinam
872 2753 1007 2832 quidem!

181 2834 237 2892 Sed
258 2854 314 2891 non
337 2835 493 2893 audebitis:
507 2847 509 2850 '
524 2855 581 2895 non
601 2836 678 2894 enirn
698 2837 802 2914 ignoro,
827 2836 926 2913 quanti
949 2836 1008 2915 ejus

179 2934 282 2973 nomen
296 2916 409 2991 putetis.

221 2996 354 3055 XXXII.
375 2996 431 3055 Sed
444 2997 490 3055 hic
504 2996 618 3073 quidem
639 2997 714 3055 locus
735 2996 859 3056 concludi
876 2997 938 3073 jam
958 3014 1008 3071 po-

181 3085 245 3135 test.
288 3077 399 3136 Nam
378 3078 540 3147 sistultitia,
552 3098 685 3137 consensu
695 3078 821 3136 omniurn
832 3075 1008 3155 philosopho-

181 3178 255 3226 rum,
277 3160 369 3236 majus
383 3168 424 3217 est
437 3159 555 3228 malum,
578 3178 665 3236 quarn
678 3159 703 3218 si
715 3159 812 3218 omnia
822 3157 900 3215 mala
910 3166 940 3213 et
952 3156 1007 3212 for

180 3248 265 3296 tunae
274 3247 303 3299 ct
314 3239 434 3321 corporis
444 3261 481 3303 ex
490 3241 584 3305 altera
593 3250 679 3325 parta
686 3248 836 3323 ponantur
840 3232 1040 3311 ,summm
