2367 3817
275 259 338 308 tor:
361 255 443 308 ambo
457 270 736 327 emm,1nqunsmu

276 328 359 387 nihil
378 329 445 389 scite
457 330 609 390 didicistis.
651 332 728 389 Tum
743 350 800 409 ego,
809 294 874 398 Qui

271 431 277 468 r
291 411 375 468 Cotta
388 410 507 469 viderit
531 420 564 470 tu
577 421 675 477 autern
688 411 751 469 nolo
762 411 834 469 exist
835 412 873 469 im

270 511 331 549 rem
345 491 411 550 huic
426 491 542 560 venisse,
563 491 612 552 sed
624 491 789 562 auditorem,
811 501 838 550 et
859 513 874 569 q

267 592 312 640 rn,
323 572 408 630 libero
415 572 531 650 judicio,
543 573 622 631 nulla
632 571 873 651 ejusmodiadstric

267 660 303 720 te,
313 652 436 723 mmihi,
445 653 541 723 velim,
551 653 649 723 nolim,
660 653 696 711 sit
706 660 780 711 certa
787 651 872 729 quaed

263 732 357 792 tentia.

262 814 281 872 if
285 815 341 872 III.
364 815 439 873 Tum
455 814 580 874 Velleius
596 813 714 873 fidenter
727 833 801 878 sane,
824 822 856 872 ut

264 895 283 952 il
297 904 356 954 tam
371 915 467 955 verens
480 916 566 973 quam
582 917 618 954 ne
640 895 767 954 dubitare
786 894 864 972 aliqu

258 986 342 1033 etur:
372 985 505 1053 tanquam
528 978 610 1036 modo
631 997 666 1034 ex
680 976 794 1034 deorum
809 996 864 1034 con

259 1056 327 1114 icuri
348 1056 544 1116 intermundiis
564 1056 764 1124 descendisset·
795 1057 861 1114 Aud

253 1136 376 1194 nsutilcs
390 1136 649 1213 commentitiaeque
664 1145 773 1195 sentent
774 1137 823 1205 ias,
840 1158 859 1194 n

252 1215 338 1275 lificat
326 1226 469 1295 roremque
482 1217 592 1287 mundi,
614 1218 676 1276 Plat
664 1218 736 1276 tonis
750 1217 784 1275 de
804 1218 858 1277 Tin

250 1300 404 1357 canumfat
405 1299 504 1357 idicem
515 1299 671 1358 Stoicorum
683 1296 832 1370 πρόνοιαν,
841 1321 856 1377 q

248 1387 276 1435 et
291 1379 497 1438 Proiidentiam
518 1379 625 1438 dicere:
647 1400 738 1457 neque
752 1399 816 1439 vero
837 1400 854 1437 n

246 1479 284 1527 m,
298 1459 392 1518 auimo
406 1469 434 1518 at
443 1460 567 1520 sensibus
576 1461 684 1538 praedit
685 1480 744 1529 um,
758 1469 801 1519 rot
803 1462 853 1518 uni

244 1559 280 1610 m,
296 1541 446 1599 volubilem
460 1540 563 1600 deum:
585 1550 713 1619 portenta
726 1550 754 1600 et
768 1542 850 1600 mirac

242 1621 362 1659 ..-um
378 1622 612 1683 „nilnmnhorum
628 1624 676 1682 sed
690 1622 847 1683 somnIantir
