2367 3817
123 466 126 472 ’
178 456 330 539 (in-{Mi¹
393 465 443 515 DE
461 463 620 513 NATURA
637 462 809 515 DEORUM·
963 465 1011 522 tlt

178 576 231 633 hoe
241 574 317 633 idem
331 584 359 634 et
371 576 527 654 philosophi
540 576 658 643 faciunt,
680 583 709 635 et
722 596 783 654 ego,
798 586 836 634 ut'
844 576 933 653 potui,
949 576 1012 635 feei.»

181 656 227 713 Tu
240 666 346 725 eutem,
371 658 420 733 qui
434 658 463 715 id
477 657 603 734 quaeris,.
619 658 749 716 similiter
761 658 894 726 latinae
918 658 941 715 si
962 672 1011 714 me

180 757 266 814 roges,
291 758 340 796 eur
353 749 382 796 ts
397 738 505 797 <luobus
525 748 658 797 contuear
678 739 773 808 oculis,
798 750 825 797 et
846 758 902 797 nou
923 739 1012 797 altero‘

181 828 303 890 tantum,
319 820 473 878 cumidem
489 840 544 877 uno
557 819 665 896 assequi
680 821 792 896 possim.

220 898 277 957 lV
299 902 375 959 Tum
387 901 479 969 Ootta,
495 900 587 968 Quam
603 901 693 961 simile
707 900 783 958 istud
797 900 843 968 sit,
859 899 959 976 iuquit,
975 912 1008 958 tu

180 980 290 1038 videris
334 983 412 1040 Nam
428 1001 476 1060 ego
496 1001 586 1058 neque
600 982 630 1040 in
644 982 744 1051 tausis,
766 982 789 1039 si
810 979 933 1057 quidest
947 983 1008 1038 evi-

178 1061 255 1130 dens,
270 1062 305 1119 de
318 1083 373 1140 quo
387 1064 461 1121 inter
474 1084 569 1122 omnes
583 1064 739 1132 conveniat,
760 1062 948 1138 argumentari
962 1082 1006 1120 so·

178 1142 237 1200 leo:
260 1145 439 1221 perspicuitas
450 1146 525 1202 eni-m
535 1145 777 1223 argumentatione
790 1144 930 1201 elevatur:
946 1163 1006 1211 nec,

178 1223 201 1280 si
222 1224 251 1281 id
271 1225 388 1283 facerem
403 1226 433 1282 in
447 1226 536 1284 causis
555 1226 717 1294 forensibus,
740 1225 815 1283 idem
837 1224 955 1282 facerem
976 1226 1006 1283 iu

178 1304 229 1363 hac
243 1307 398 1365 subtilitate
414 1307 554 1366 sermonis.
598 1308 657 1365 Cur
670 1316 828 1365 contuerere
849 1315 945 1363 eutem
965 1306 1007 1364 al·

178 1394 235 1444 tero
249 1388 337 1455 oculo,
359 1408 442 1446 eausa
453 1409 509 1446 non
524 1398 616 1457 esset3
638 1408 703 1446 eum
718 1388 792 1445 idem
807 1388 923 1445 obtutus
936 1399 1006 1445 esset

176 1468 333 1537 amborum,
348 1479 376 1526 et
391 1488 563 1527 cumrerum
576 1478 685 1535 nature,
703 1487 789 1543 quam
800 1476 837 1524 >tu
851 1466 1006 1544 sapientem

176 1566 235 1604 esse
249 1548 301 1615 vis,
328 1550 383 1607 duo
407 1549 516 1607 lumina
539 1551 575 1607 ab
596 1549 690 1606 animo
710 1549 754 1606 ad·
767 1547 858 1604 oeulos
870 1546 1006 1623 petlorsta

177 1643 228 1685 nos
241 1628 341 1686 habere
356 1630 494 1687 voluisset.
536 1629 591 1687 Sed
605 1630 740 1705 quianon
761 1627 924 1697 confidebas,
946 1638 1005 1687 tem

176 1728 234 1765 esse
248 1709 277 1765 id
291 1711 476 1787 perspicuum,
497 1729 584 1786 quarn
599 1722 631 1767 tu
646 1710 734 1776 vellis,
751 1716 894 1786 propterea
906 1710 1005 1768 multia

176 1790 349 1865 argumentis
371 1790 436 1848 deos
451 1811 518 1849 vesse
542 1792 638 1849 docere
663 1785 784 1848 voluisti.
827 1789 901 1847 Mihi
927 1791 1002 1849 enim

176 1886 266 1928 unum
282 1872 348 1929 satis
361 1882 430 1940 erat,
452 1872 493 1931 ita
507 1872 585 1931 uobis
599 1872 836 1965 majotns‘nostroa
850 1870 1005 1930 tradidisse

176 1951 257 2010 Sedt
245 1961 278 2010 tn
292 1954 469 2012 auctoritates
483 1954 646 2021 contemnis,
672 1954 778 2011 tatione
791 1972 906 2030 pugnas
950 1954 1002 2011 Pa-

175 2042 232 2090 tere
246 2034 340 2111 igitur,
362 2035 498 2093 rationem
512 2055 605 2093 ineam
620 2054 685 2092 cum
700 2045 750 2093 tun
763 2034 869 2091 tatione
889 2045 1002 2092 conten·
989 2069 1006 2082 ·-

174 2111 246 2171 dere.
289 2116 381 2173 Affers
401 2116 468 2173 haee
489 2120 583 2174 omnia
608 2128 782 2192 ngumenta
804 2134 854 2171 cnr
873 2103 912 2171 dii
928 2116 1001 2173 sint:

174 2214 289 2271 remque
298 2217 361 2254 mea
371 2198 509 2255 sententie
518 2197 637 2254 minime
648 2197 772 2264 dubiam,
783 2196 1003 2273 argumentando

173 2274 288 2338 dubiam
302 2278 377 2336 facis.
419 2279 554 2337 Mendavi
569 2279 645 2335 enim
661 2278 810 2335 maineriae
823 2296 879 2335 non
901 2296 1002 2336 nume

173 2376 237 2414 rum
247 2358 347 2426 solum,
357 2358 499 2418 sedetiam
509 2358 633 2417 ordinem
643 2367 870 2435 argumentorum
880 2368 1001 2417 tuorum.

174 2437 302 2495 Primum
315 2439 378 2507 fuit,
394 2458 457 2497 eum
473 2440 580 2497 coelum
595 2439 821 2516 suspexissemus,
842 2439 939 2497 statim
952 2460 1001 2497 nos

173 2518 326 2596 intelligere
347 2539 404 2578 esse
424 2519 537 2596 aliquod
556 2539 673 2589 numen,
697 2539 752 2596 quo
773 2520 840 2578 haee
860 2532 999 2598 regantur.

173 2599 218 2656 Ex
231 2601 283 2658 hoe
296 2601 366 2659 illud
379 2601 476 2668 etiem,

250 2743 267 2769 “
279 2740 385 2852 AVPiee
397 2740 443 2788 hoe
455 2739 560 2789 sublime
572 2740 689 2801 candens,
702 2754 776 2802 quem
788 2738 904 2789 invocant
915 2754 1001 2790 omnes

326 2808 427 2854 ovem.”

172 2931 257 2998 Quasi
273 2932 497 3009 veroquisquam
520 2942 647 2990 nostrum
672 2932 758 2990 istum
783 2934 885 3009 potius,
913 2952 998 3008 quam

171 3013 371 3090 Capitolinum,
393 3013 494 3071 Jovem
515 3014 653 3089 appellet:
680 3021 729 3071 aut
750 3014 801 3070 hoe
822 3013 997 3090 perspicuum

171 3095 216 3164 sit,
242 3103 403 3169 constetque
417 3094 490 3152 inter
503 3113 609 3163 omnes,
634 3114 679 3151 eos
692 3114 749 3151 esse
764 3094 837 3161 deos,
860 3111 930 3168 quos
943 3092 1005 3148 tibi

172 3175 306 3243 Velleius,
328 3175 466 3251 multique
486 3184 639 3254 praeterea,
657 3171 1015 3241 neau'noautssnxuxnm

163 3275 222 3311 esse
235 3256 397 3315 concedant.

196 3334 291 3395 Grave
302 3338 392 3399 etiam
403 3351 630 3423 argumentum
638 3338 728 3402 tatu
711 3334 893 3399 tineamus
906 3307 1070 3391 “imm“
