2367 3817
279 250 300 288 ,8,
313 251 523 310 pfflttscrlprtetrt·

277 329 302 367 in
315 320 411 370 autem
424 312 487 389 quis
499 312 626 390 requirit,
647 332 718 389 quae
739 331 820 370 causa
833 330 882 369 nos
903 312 930 370 in

276 400 298 448 rt
318 391 385 450 haec
409 401 468 452 tem
483 412 541 451 sero
560 392 648 452 literis
660 391 866 459 mandaremus,
886 392 930 449 ni}

276 471 404 550 expedire
424 482 484 531 tarn
504 473 583 532 facile
603 472 748 552 possimus.
792 471 871 530 Nam
893 492 928 530 cu

276 572 412 621 ueremur,
438 564 466 612 et
490 554 514 613 is
537 563 608 613 esset
629 553 793 631 reipublicae
815 562 927 611 status·

272 653 293 691 rs
307 633 418 692 consilio
427 644 511 712 etque
522 653 587 694 cura
598 636 748 714 gubernare
757 653 865 691 necesse
876 654 925 691 essr

271 713 357 791 ipsius
367 714 532 793 reipublicae
546 735 628 774 ceusu
640 714 841 794 philosophiam
855 724 924 772 nostr

269 815 291 852 rs
315 796 510 872 explicandum
533 797 633 875 putavi
645 818 654 865 ς
679 796 773 872 magni
794 793 922 853 existima

281 874 317 932 ad
337 874 420 935 decus
443 887 472 936 et
492 877 528 936 ad
548 877 660 938 laudem
682 874 812 944 civitatis,
833 895 875 934 res
896 884 921 933 tr

266 974 355 1032 ‚mque
374 959 525 1034 praeclaras
546 959 656 1017 Latinis
676 957 761 1015 etiam
780 955 867 1014 literis
890 975 920 1013 co

265 1037 352 1112 ioque
366 1056 412 1094 me
426 1038 519 1096 minus
534 1037 657 1096 instituti
667 1035 723 1094 mei
733 1037 867 1113 poenitet,
882 1055 918 1111 qu

264 1115 321 1186 rtio,
335 1136 421 1193 quarn
435 1118 589 1177 multorum
603 1137 658 1176 non
670 1116 751 1175 modo
761 1114 892 1184 discendi,
908 1136 917 1173 s

262 1196 362 1255 ibendi
372 1199 465 1257 studia
473 1197 678 1258 commoverint.
709 1196 870 1275 Complures
879 1216 916 1253 en

262 1277 485 1339 institutionibus
505 1279 616 1348 eruditi,
638 1298 679 1347 ea,
701 1298 772 1354 quae
792 1277 915 1335 didicere?

261 1358 324 1416 ibus
344 1357 401 1417 suis
421 1360 625 1419 communicare
645 1380 701 1418 nen
723 1367 858 1436 poterant,
880 1378 913 1435 qu

258 1458 285 1496 re
308 1459 326 1497 a
346 1439 458 1499 Graecis
478 1440 655 1519 accepissent,
673 1440 779 1498 'Latine
801 1439 855 1497 dici
878 1458 912 1516 po

257 1527 295 1577 nt.
336 1518 399 1588 Quo
420 1521 450 1579 in
476 1541 573 1599 genere
592 1529 706 1581 tentum
719 1519 862 1598 profecisse
876 1519 911 1575 vir

256 1622 260 1657 ;
274 1620 291 1659 a
305 1600 416 1660 Graecis
430 1622 465 1661 ne
480 1604 625 1662 verborum
641 1600 754 1682 quidem
770 1600 846 1679 copia
860 1600 908 1657 vin
