2367 3817
347 280 441 326 paean.
485 274 528 307 nc
542 270 592 307 noa
612 266 726 325 quinem
747 259 832 308 mmia
855 252 943 309 multe

347 330 428 407 aima.
470 330 584 389 Telamo
599 342 694 388 autem
710 350 764 388 nno
779 348 861 388 versu
884 332 944 390 locu

346 410 414 480 ficit,
430 430 479 469 cur
491 410 531 468 dii
546 411 673 469 homines
686 411 846 489 negligant:

423 533 441 561 “
450 531 527 589 Nam,
538 532 560 579 si
571 537 666 589 curent,
678 532 741 582 bene
752 534 824 583 bonis
835 535 876 594 sit,
888 534 946 584 male

497 598 564 661 qnod
574 612 641 648 nunc
652 600 751 648 abeat-⁹·
773 605 776 612 ’

346 724 492 783 Debebant
506 722 547 780 illi
562 723 677 799 quidem
691 743 786 783 omnes
796 725 881 783 bonos
895 724 949 782 effit

345 806 493 863 hominum
508 803 601 881 generi
615 802 808 864 'consulebant-
850 805 902 863 Sin
922 804 950 863 id

345 885 460 962 quidem
484 897 556 944 certe
582 886 722 945 consulere
745 885 892 945 debebant.
935 885 951 942 (

345 965 495 1043 Scipiones,
518 965 681 1025 fortissimae
699 980 727 1025 et
748 968 867 1044 optimos
882 967 953 1025 viros

346 1045 454 1105 Poenus
468 1046 626 1126 oppressit?
664 1047 722 1105 Cur
737 1048 879 1105 Maximus
889 1056 954 1106 extu

345 1128 486 1185 sulalem?
521 1128 579 1187 Cur
592 1128 758 1186 Marcellum
769 1128 910 1186 Hannibal
920 1128 955 1185 in‘¹

345 1207 467 1266 Paulum
478 1210 590 1266 Cannae
604 1208 800 1267 sustulerunt?
837 1209 895 1266 Cur
905 1210 956 1267 Poe

345 1288 420 1347 litati
435 1290 533 1368 Reguli
548 1309 646 1366 eorpus
660 1298 702 1348 est
716 1289 895 1366 praebitum?
939 1290 957 1346 C

346 1369 488 1429 domestici
503 1370 620 1448 parietes
640 1390 696 1429 non
714 1371 868 1428 texerunt?
911 1370 958 1427 Set

278 1512 280 1515 ,
345 1459 373 1507 et
394 1451 450 1508 alia
472 1451 620 1529 permulta.
663 1451 791 1526 Propiora
805 1450 958 1508 videamus.

346 1530 424 1588 culus
448 1550 538 1599 meus,
563 1530 608 1588 vir
631 1530 872 1588 innocentissimus
894 1531 960 1588 iden

345 1630 419 1680 mus,
442 1613 471 1669 Ρ.
494 1612 620 1670 Rutilius
640 1612 669 1669 in
683 1611 786 1669 exsilio
801 1613 865 1669 est?
909 1613 962 1669 Cu1

346 1693 505 1752 interfectus
529 1695 604 1752 domi
626 1713 700 1760 suae,
728 1693 858 1749 Drusus?
902 1693 960 1750 Cur

345 1775 561 1852 prudentiaeque
583 1776 732 1852 specimen,
760 1783 826 1830 ante
853 1773 963 1830 simula<
