2367 3817
194 452 386 513 erasure„
420 448 641 501 naussum
661 448 828 501 neonuu.
993 450 1026 505 ss

194 582 269 631 rum,
284 562 329 620 vel
342 562 483 621 ferarum!
503 562 553 639 qui
567 563 712 622 voluerum
725 562 828 641 lapsus,
854 569 939 637 atque
955 580 1018 639 cen-

195 644 261 701 tus!
283 642 333 720 qui
353 642 493 719 pecudum
515 652 612 720 pastus
621 645 632 710 ,1
656 663 728 721 quae
749 643 808 702 vita
828 642 1019 701 silvestrium!

196 722 273 790 Quid
292 724 361 801 jam·
378 723 413 781 de
432 722 581 783 hominum
602 744 700 802 genere
713 724 827 783 dicum?
871 721 927 789 Qui
943 721 1023 799 quasi

196 805 313 863 cultores
326 812 415 862 terrae
428 803 582 873 constituti,
599 824 654 863 uon
669 804 816 882 patiuntur
828 823 891 861 eom
904 824 954 861 nec
968 802 1024 860 im·

195 884 332 946 monitate
345 884 501 943 belluarum
515 883 631 953 efferari,
651 903 703 943 nec
718 884 853 961 stirpium
877 884 1024 961 asperitate

197 964 318 1031 vestari;
339 984 514 1041 quorumque
527 965 654 1043 operibus
664 966 731 1043 agri,
746 964 862 1030 insulae,
876 964 1024 1044 littoraque

197 1045 342 1114 collucent,
366 1045 498 1104 distincta
519 1046 601 1105 tectis
624 1055 653 1103 et
666 1046 791 1103 urbibus.
832 1042 911 1110 Quee
932 1045 964 1111 si,
990 1052 1023 1102 ut

197 1123 308 1193 animis,
331 1125 370 1184 sic
393 1126 479 1185 oculis
501 1126 595 1185 videre
613 1145 765 1204 possemus,
790 1144 873 1184 nemo
893 1134 1023 1183 cunctam

198 1205 309 1266 intuens
322 1216 435 1275 terram,
449 1206 484 1265 de
497 1206 595 1267 divine
606 1207 713 1265 ratione
726 1206 875 1266 dubitaret.

209 1331 212 1335 »
238 1286 280 1344 At
301 1307 365 1347 vero
377 1298 484 1364 quante
496 1288 580 1347 maris
600 1298 642 1353 est
655 1287 851 1366 pulchritudo!
875 1306 946 1364 quae
960 1305 1023 1363 spe-

198 1366 252 1425 cies
263 1367 405 1427 universi!
427 1388 499 1445 quae
511 1368 666 1427 multitudo
676 1378 704 1426 et
719 1370 837 1427 varietas
847 1367 1002 1426 insularum
1015 1367 1021 1422 !

198 1467 270 1524 quae
283 1448 465 1507 amoenitates
482 1468 593 1507 orarum
606 1459 636 1507 et
657 1449 803 1506 littorum!
826 1457 895 1523 quot
916 1466 1024 1523 genere,

199 1547 341 1603 quamque
354 1527 474 1605 disparis
486 1529 589 1605 purtim
604 1529 821 1593 submersarum,
841 1526 945 1603 partim
959 1525 1024 1583 flui-

199 1607 324 1665 tantium
336 1617 365 1665 et
379 1607 539 1666 innantium
553 1608 719 1676 belluarum,
734 1606 836 1684 partim
850 1605 885 1663 sd
894 1624 959 1663 saxa
974 1624 1026 1663 nu-

200 1686 268 1745 tivis
288 1687 367 1745 testis
387 1687 615 1753 inhaerentium!
658 1687 756 1765 Ipsum
776 1696 871 1746 eutem
893 1704 969 1743 mare
988 1685 1026 1743 sic

200 1778 303 1824 terram
317 1777 449 1845 appetens
461 1767 601 1826 littoribus
621 1767 730 1837 alludit,
752 1776 785 1826 ut
798 1786 855 1826 une
868 1786 904 1824 ex
918 1765 1026 1825 duabus

200 1847 308 1906 naturis
321 1848 439 1906 conflata
452 1847 590 1906 rideatur.

241 1928 351 1986 Exinde
365 1929 435 1987 mari
449 1928 588 1987 finitimus
608 1931 657 1987 eis'r
676 1928 721 1987 die
735 1938 764 1988 et
783 1936 864 1989 noete
876 1926 1025 2006 distingui·

199 2019 266 2067 tur:
287 2008 365 2086 isque
379 2019 442 2069 tum
460 2009 538 2069 fusus
558 2019 587 2068 et
600 2019 768 2070 extenuatus
787 2009 906 2068 sublime
921 2008 1026 2068 fertur:

200 2099 263 2148 tum
276 2099 373 2149 autem
383 2101 535 2157 concretus,
548 2091 579 2149 in
588 2092 678 2149 nubes
686 2090 793 2167 cogitur
799 2112 809 2159 ς
824 2091 1026 2165 humoremque

200 2169 328 2248 colligens
341 2182 443 2231 terram
457 2181 541 2249 auget
549 2171 701 2241 imbribus,
722 2180 785 2230 tum
800 2169 915 2229 effluens
928 2168 984 2227 buo
998 2179 1027 2227 et

200 2249 275 2319 illue,
298 2260 395 2311 ventos
407 2252 503 2315 efficit.
545 2252 626 2322 Idem
640 2271 747 2310 annuas
764 2251 895 2329 frigorum
911 2258 940 2329 et
952 2250 1027 2309 culo-

199 2350 263 2388 rum
273 2330 339 2389 focit
353 2332 519 2391 varietates:
541 2332 671 2409 idemque
685 2342 713 2390 et
728 2332 836 2391 volatus
849 2331 951 2390 alitum
965 2350 1026 2389 sus·

200 2409 283 2477 tinet,
304 2420 333 2469 et
346 2412 447 2489 spiritu
461 2411 561 2471 duetus
574 2412 626 2471 alit
640 2420 669 2470 et
682 2421 818 2471 sustentet
833 2411 999 2470 animantes.

229 2489 295 2563 XL.
306 2488 536 2561 Restatultimus,
545 2501 574 2550 et
581 2491 1023 2559 adomiciliisnostrisaltissimus‚

200 2571 295 2629 omnia
308 2571 419 2648 cingens
433 2580 462 2630 et
475 2575 601 2631 coemens
616 2572 684 2631 coeli
697 2573 866 2651 complexus,
886 2572 936 2649 qui
951 2572 1026 2631 idem

198 2650 295 2710 aether
308 2661 432 2722 vocatur,
453 2661 579 2711 extrema
589 2672 638 2711 ore
651 2662 680 2711 et
693 2653 887 2712 determinatio
907 2652 1024 2713 mundi:

198 2732 229 2789 in
242 2752 298 2809 quo
311 2753 376 2793 eum
386 2733 602 2793 admirabilitate
615 2734 742 2793 maxima
754 2734 835 2812 ignea
847 2733 950 2792 formae
965 2753 1027 2791 cur·

198 2832 246 2869 sus
258 2813 397 2873 ordinatos
410 2814 557 2873 definiunt.
599 2813 740 2893 E'quibus
752 2814 803 2883 sol,
824 2814 904 2893 cujus
917 2813 1027 2889 magni·

179 2892 298 2964 „tudine
311 2893 410 2952 multis
422 2896 549 2972 pertibus
568 2903 642 2954 terra
655 2903 811 2972 superetur,
839 2894 942 2953 circum
963 2912 1026 2950 eam

199 2973 289 3060 ippum
300 2974 435 3042 volvitur,
449 2975 527 3052 isque
540 2975 631 3034 oriens
639 2984 668 3033 et
681 2974 805 3033 occidens
816 2974 891 3033 diem
901 2982 1040 3049 noctem.v

199 3073 254 3130 que
267 3054 395 3114 conficit:
417 3064 447 3114 et
460 3054 542 3115 modo
555 3053 695 3123 accedens,
713 3062 775 3113 tum
790 3064 886 3113 eutem
900 3050 1038 3128 recedens

199 3133 279 3192 binas
294 3135 323 3192 in
342 3134 458 3211 singulis
477 3136 559 3196 aunis
579 3135 747 3193 reversiones
766 3136 803 3193 ab
817 3142 941 3211 extremo
962 3152 1028 3190 con«

199 3213 296 3272 trarias
316 3215 399 3273 fecit:
422 3235 545 3294 quarum
564 3214 717 3276 interuallo
734 3224 805 3274 tum
821 3212 907 3288 uuest
918 3209 1045 3267 emesa

183 3293 324 3366 quaedam
336 3298 482 3359 contmhit
493 3306 618 3372 terrem,
637 3307 711 3361 tum
718 3293 857 3357 mersum
863 3284 1018 3346 ratetum.
1029 3288 1073 3330 W
