2367 3817
180 444 360 495 mals-16.
428 443 478 493 DE
496 444 655 495 NATURA
674 443 842 495 DEORUM.
982 448 1012 498 lu

179 558 293 634 quidem
307 557 337 615 in
350 557 441 635 primo
454 558 524 617 libro
539 558 573 617 de
595 558 709 617 Natura
729 557 869 617 Deorum*
907 560 942 618 ln
964 580 1008 618 se-

179 638 269 697 cundo
283 648 379 697 autem
393 639 456 697 vult
471 639 585 717 Orphei,
604 638 724 708 Musaei,
740 639 864 709 Hesiodi,
876 639 1007 699 Homeri.

178 738 232 794 que
255 719 368 778 fabellas
387 720 594 779 accommodam
614 720 651 778 ad
675 740 717 790 ea,
741 739 812 797 quaa
836 720 894 798 ipse
917 722 1007 798 primo

178 800 248 859 libro
260 800 295 859 de
306 800 360 858 diis
370 800 574 859 immortalibus
585 800 700 860 dixerit:
724 810 756 859 ut
767 801 852 859 etiam
864 800 1005 862 veterrimi

177 885 285 957 poetae,
296 881 346 958 qui
356 882 469 940 haecne
480 882 611 960 suspicati
621 881 736 959 quidem
750 881 816 949 sint,
826 882 910 940 Stoici
922 882 1006 945 fuisso

177 961 334 1021 videantur.
376 961 467 1028 Quem
488 962 626 1038 Diogenes
646 961 815 1038 Babylonius
840 981 1006 1039 consequens

179 1041 208 1098 in
224 1062 255 1100 eo
268 1042 347 1110 libro,
363 1042 410 1117 qui
424 1042 584 1099 inscribitur
592 1041 626 1100 de
641 1041 778 1110 Minerva,
790 1050 902 1119 partum
913 1043 931 1100 J
934 1044 1003 1115 ovis,

178 1132 327 1199 ortumque
351 1121 465 1200 virginis
486 1122 522 1179 ad
544 1122 744 1201 physiologiam
770 1121 925 1189 traducens.
947 1122 1005 1183 dis.

170 1203 267 1279 jungit
280 1224 297 1261 a
311 1203 413 1262 fabula.

216 1284 301 1343 XVI.
322 1284 448 1362 Exposui
462 1284 517 1343 fere
527 1305 582 1343 non
594 1285 818 1364 philosophorum
829 1285 945 1363 judicia,
955 1286 1003 1346 sed

176 1362 355 1424 delirantium
379 1365 494 1424 somnia.
538 1365 601 1424 Nec
624 1366 700 1424 enim
724 1366 815 1424 multo
842 1367 1002 1426 absurdiora

175 1455 241 1504 sunt
255 1465 296 1515 ea,
318 1466 398 1522 quae,
413 1449 559 1523 po‘e'tarum
574 1446 690 1505 vocibus
703 1447 774 1517 fusa,
790 1446 850 1524 ipsa
863 1447 1002 1506 suavitate

174 1536 344 1585 nocuerunt:
368 1527 416 1602 qui
437 1536 465 1583 et
486 1526 528 1583 ira
547 1526 746 1595 inflammatos,
768 1535 797 1585 et
815 1527 931 1596 libidine
955 1529 1001 1587 fu-

174 1616 265 1665 rentes
279 1606 449 1665 induxerunt
463 1605 545 1665 deos:
567 1607 755 1683 feceruntque,
771 1616 803 1665 ut
813 1626 908 1665 eorum
918 1608 1000 1677 bella,

174 1705 290 1762 pugnas,
305 1687 415 1763 praelia,
431 1686 547 1745 vulnera
570 1686 742 1757 viderimus3
764 1687 826 1746 odia
850 1696 999 1766 praeterea,

174 1765 297 1837 dissidia,
313 1767 468 1833 discordias,
483 1777 568 1835 ortus,
584 1766 722 1838 interitus
737 1768 869 1845 querelas,
891 1769 999 1828 lamen-

174 1846 300 1917 tationes,
329 1846 429 1905 effusas
456 1848 485 1904 in
510 1848 586 1906 omni
615 1848 828 1926 intemperantia
861 1850 998 1924 libidines,

172 1927 317 1997 adulteria,
333 1929 453 1997 vincula,
476 1948 540 1987 cum
560 1930 685 1988 humano
708 1951 805 2007 genere
826 1931 997 2000 concubitus,

172 2009 356 2085 mortalesque
366 2030 401 2066 ex
411 2009 562 2067 immortali
573 2019 734 2088 procreatos·
767 2012 840 2069 Cum
851 2015 996 2089 poetarum

171 2097 266 2148 autem
292 2110 379 2148 errore
403 2091 567 2167 conjungere
594 2091 659 2149 licet
685 2101 814 2170 portenta
839 2093 996 2169 Magorum,

173 2170 431 2247 Aegyptiorumque
445 2171 475 2229 in
489 2170 586 2229 eodem
605 2192 702 2248 genere
723 2172 910 2231 dementiam:
934 2183 997 2239 tum

171 2250 256 2308 etiam
270 2251 348 2329 vulgi
361 2252 512 2328 opiniones,
526 2272 598 2328 quae
612 2252 642 2310 in
656 2253 782 2313 maxima
802 2254 996 2320 inconstantia,

170 2330 295 2390 veritatis
309 2332 488 2408 ignoratione,
504 2343 656 2392 versantur.

131 2477 136 2484 ,
212 2411 255 2468 Ea
268 2412 316 2487 qui
331 2412 482 2470 consideret
496 2433 582 2488 quam
597 2414 750 2473 inconsulte
771 2435 808 2479 ac,
826 2425 929 2474 temera
951 2416 994 2475 di-

168 2500 278 2560 cantur,
293 2492 416 2548 venerari
431 2492 596 2568 Epicurum,
611 2494 682 2551 etin
696 2515 791 2560 eorum
806 2495 928 2572 ipsorum
941 2518 995 2557 nu·

169 2589 255 2640 mero,
277 2571 311 2629 de
331 2572 433 2647 quibus
453 2573 521 2630 haec
544 2573 669 2649 quaestio
692 2583 744 2643 est,
766 2576 866 2634 habere
888 2576 995 2638 debeat.

168 2651 249 2710 Solus
263 2653 337 2711 enim
354 2652 434 2721 vidit,
446 2653 579 2731 primum,
591 2675 649 2714 esse
660 2656 733 2727 deos,
744 2656 817 2733 quod
828 2657 857 2715 in
867 2660 994 2720 omnium

166 2732 268 2792 animis
296 2755 391 2793 eorum
417 2735 560 2793 notionem
588 2733 768 2815 impressisset
794 2739 854 2817 ipsa
883 2751 993 2800 natura.

159 2811 244 2879 Quae
259 2824 300 2873 est
313 2815 388 2873 eninr
403 2836 478 2892 gens,
493 2826 544 2875 aut
556 2817 631 2894 quod
645 2840 730 2896 genus
744 2821 901 2891 hominum,
917 2824 992 2899 quod

166 2912 221 2951 non
246 2894 347 2953 babeat
371 2896 429 2955 sinc
453 2897 577 2956 doctrina
599 2900 826 2979 anticipationem
849 2904 989 2978 quandam

166 2972 302 3033 deorum?
326 2997 410 3053 quam
424 2978 545 3055 appellat
559 2977 713 3055 πρόληψιν
728 2983 873 3060 Epicurus,
896 2983 925 3040 id
939 2992 989 3049 est,

163 3064 338 3134 anteceptam
353 3058 446 3117 animo
460 3059 499 3117 rei
513 3058 654 3135 quandam
677 3062 909 3130 informationem,
931 3062 991 3117 sine

163 3154 220 3210 qua
233 3156 284 3196 nec
297 3138 415 3215 intelligi
429 3140 595 3217 quidquam,
607 3160 661 3200 nec
674 3143 787 3219 quaed,
795 3160 854 3196 nes
864 3136 1014 3210 dxsqsxsx‘x

158 3225 259 3293 potest.
303 3219 392 3300 Cujus
405 3222 527 3284 rationis
540 3224 618 3294 uim,
630 3233 726 3300 atque
736 3220 911 3277 cessassem
921 3223 965 3255 ἢ*
982 3200 1040 3247 ,xe
