2367 3817
171 439 233 499 css.
251 450 350 522 rats..
384 437 798 496 -iilssnr'rurtl'nuottuu
966 448 997 493 te

170 581 262 619 nonne
276 557 360 619 deum
375 559 487 626 omnino
501 559 542 617 ita
555 557 639 625 tollit,
660 557 693 615 'ut
708 557 818 615 nullam
840 556 997 633 opinionem

172 645 232 720 ejus
241 642 382 718 'reliquam
396 639 487 707 faciat.
774 658 777 663 ·

213 722 288 790 Quid
304 726 447 797 a'e'1·,'quo'
463 718 599 796 Diogenes
615 717 804 796 Apolloniates
824 717 916 777 utitur
936 718 996 788 deo,

169 824 253 881 quem
268 822 379 861 sensum
393 802 494 859 habere
507 808 606 877 potest,
621 809 671 858 aut
685 819 770 876 quam
778 797 895 857 formam
907 799 975 857 dei?

213 886 280 942 Jam
294 881 466 941 de-Platonis
486 880 672 938 inconstantia
691 881 805 957 longum
827 888 868 936 est
888 879 995 939 dicere:

172 967 221 1040 qui
235 966 264 1022 in
280 964 396 1021 Timaeo
409 971 517 1039 patrem
532 961 618 1038 hujus
639 962 737 1019 mundi
758 959 895 1017 nominari
916 973 997 1037 neget

169 1064 264 1122 posse:
288 1044 318 1100 in
329 1045 437 1120 Legum
452 1057 546 1099 eutem
561 1041 648 1111 libris,
663 1042 731 1117 quid
744 1040 780 1098 sit
795 1040 907 1098 omnino
918 1041 995 1110 deus,

169 1125 274 1202 inquiri
289 1133 411 1202 oportere
429 1142 483 1180 non
505 1131 622 1181 censeat.
664 1122 745 1190 Quod
766 1141 830 1179 vero
854 1122 912 1179 sine
938 1142 997 1179 cor.

170 1226 235 1282 pore
248 1206 306 1264 ullo
319 1204 403 1263 deum
416 1204 478 1261 vult
489 1222 555 1271 esse,
569 1218 601 1262 ut
613 1202 708 1262 Graeci
720 1203 818 1261 dicunt
829 1199 994 1274 ἀσώματονε

169 1287 199 1345 id
223 1287 305 1365 quale
332 1306 390 1344 esse
417 1284 511 1367 possit,
537 1284 654 1361 intelligi
675 1304 731 1343 non
755 1291 854 1361 potest.
896 1282 995 1341 Careat

169 1368 244 1425 enim
259 1386 339 1425 sensu
353 1385 461 1425 necesse
482 1374 533 1433 est,
555 1376 645 1423 careat
663 1366 749 1423 etiam
770 1362 927 1441 prudentia,
949 1383 996 1421 ca.

171 1457 231 1506 reat
245 1448 404 1526 voluptate:
427 1466 498 1522 quae
512 1447 607 1504 omniu
617 1466 672 1504 una
682 1466 747 1504 cum
758 1445 873 1502 deorum
884 1444 995 1502 notione

171 1528 438 1606 comprehendimus.
475 1526 553 1583 Idem
568 1535 597 1584 et
611 1526 639 1584 in
651 1527 765 1584 Timaeo
779 1524 846 1582 dicit
860 1534 888 1580 et
903 1523 932 1581 in
942 1525 997 1581 Le-

172 1610 261 1684 gibus,
276 1617 304 1666 et
318 1607 557 1684 mundumldeum
571 1626 637 1675 esse,
653 1615 681 1664 et
695 1607 811 1674 coelum,
829 1613 857 1662 et
871 1614 952 1672 astra,
968 1616 995 1662 et

170 1701 284 1755 terram,
309 1698 337 1745 et
351 1688 467 1754 animos,
488 1695 516 1744 et
537 1706 591 1755 eos,
613 1706 681 1762 quoe
701 1688 838 1764 majorum
860 1684 996 1743 institutis

170 1768 343 1845 accepimus:
380 1777 491 1844 quaeet
506 1787 597 1844 perse
617 1776 683 1825 sunt
701 1760 771 1825 lalsa
792 1766 941 1845 perspicue,
968 1778 996 1824 et

170 1849 244 1907 inter
257 1869 314 1907 sese
328 1850 507 1906 vehementer
520 1848 710 1927 repugnantia.

210 1932 307 2007 Atque
321 1930 407 1987 etiam
421 1929 576 2008 Xenophon
592 1929 766 2008 paucioribus
787 1929 877 1987 verbis
898 1928 994 1987 eadem

167 2008 223 2067 fere
236 2020 339 2087 peccat.
381 2010 461 2068 Facit
474 2012 550 2068 enim
564 2011 593 2068 in
609 2011 652 2079 iis,
674 2030 746 2085 quae
759 2030 776 2067 a
790 2010 900 2067 Socrate
921 2010 995 2067 dieta

167 2092 273 2160 retulit,
297 2092 438 2150 Socratem
463 2090 662 2169 disputantem,
691 2091 809 2148 formam
834 2090 878 2147 dei
900 2090 995 2166 quaeri

167 2179 222 2242 non
234 2180 375 2250 oporteret
398 2167 572 2248 eundemque
586 2182 615 2229 et
630 2172 713 2229 solem
729 2179 757 2228 et
771 2171 896 2229 animam
910 2171 992 2229 deum

169 2251 288 2310 dicere:'
311 2262 340 2311 et
363 2252 445 2311 modo
469 2272 568 2321 unum,
598 2262 661 2309 tum
686 2263 780 2310 autem
805 2252 896 2330 plures
921 2251 994 2309 deos.

170 2332 248 2399 Quae
263 2343 329 2392 sunt
342 2333 442 2393 iisdem
456 2334 484 2390 in
499 2333 595 2390 enatis
608 2333 686 2401 fene,
704 2333 805 2412 quibus
819 2352 861 2401 ea,
876 2351 946 2407 quae
961 2333 995 2390 de

168 2413 283 2471 Platone
297 2414 424 2471 dicimus.
699 2432 701 2436 ’

209 2494 298 2550 XIII.
321 2495 416 2569 Atque
429 2492 516 2550 etiam
532 2492 714 2550 Antisthenes
735 2493 764 2549 in
788 2511 820 2549 eo
841 2492 919 2561 libro,
945 2495 994 2570 qui

170 2574 306 2651 Physieus
320 2572 488 2646 inscribitur,
509 2573 652 2652 populares
665 2572 729 2631 deos
742 2572 855 2641 multos,
880 2583 996 2633 natura.

168 2655 224 2711 lem
240 2674 329 2712 unum
341 2674 398 2711 esse
413 2653 515 2723 dicens,
529 2654 604 2712 tollit
618 2654 677 2712 vim
691 2664 721 2713 et
729 2663 859 2712 naturam
870 2654 993 2715 deorum.

170 2734 234 2792 Nec
249 2736 339 2793 multo
361 2754 437 2792 secus
452 2735 631 2813 Speusippus,
654 2736 797 2794 Platonem
821 2737 993 2795 avunculum

167 2816 345 2891 subsequens,
370 2824 397 2873 et
413 2815 470 2873 vim
486 2816 627 2893 quandam
642 2816 745 2884 dicens,
767 2818 930 2892 quaomnia
950 2840 992 2875 re-

168 2904 280 2973 gantur,
302 2915 418 2971 eamque
432 2896 591 2964 animalem,
614 2898 730 2955 evellere
744 2917 778 2954 ex
792 2897 893 2955 animis
912 2918 992 2957 cona·

167 2986 216 3034 tur
229 2976 412 3053 cognitionem
426 2976 549 3035 deorum.

209 3056 372 3114 Aristoteles
392 3076 500 3133 quoque
521 3058 550 3115 in
571 3058 653 3116 tertio
674 3057 708 3116 de
728 3057 903 3133 Philosophia
922 3059 991 3114 libro

167 3137 260 3195 multa
284 3139 388 3205 turbat,
417 3157 434 3195 a
454 3138 585 3215 magistro
606 3139 726 3197 Platone
746 3158 811 3196 nou
829 3135 1016 3191 mesentana.

165 3217 250 3274 Modo
263 3218 336 3274 enim
348 3218 438 3278 menti
451 3220 555 3281 tribuit
568 3242 693 3282 omnem
705 3218 909 3278 diuinitatem
914 3226 927 3258 ⁸·
946 3198 1042 3255 iffi&

151 3296 293 3355 mundum
314 3299 412 3377 ipsum
436 3302 531 3366 deum
553 3305 631 3366 dicit
656 3295 752 3364 esset
782 3290 879 3353 modo
902 3293 993 3351 (Ῥῶ
1010 3282 1071 3317 m
