2367 3817
348 276 427 294 ..um
430 270 593 312 mnrufu
663 264 752 291 um
763 260 872 291 innuere
913 258 953 299 Qu

292 280 346 370 uio
354 318 474 405 negat?¹
479 323 528 373 aut
543 334 615 391 quae
628 314 708 372 estin
721 312 884 373 collatione
876 321 952 371 istas

292 412 341 450 nec
356 395 431 452 enirn
447 394 560 451 Herculi
577 395 708 452 Deianira
720 413 816 452 nocere
833 393 930 461 voluit,
951 418 954 447 ι

291 472 393 541 nicam,
415 474 548 551 sanguine
563 475 723 533 Centaurit
711 475 854 540 tinctam,
863 473 940 532 dedit
928 483 955 532 t:

291 553 367 611 desse
391 555 508 619 Pheraeo
532 555 629 613 Jasoni
654 555 687 624 ia,
715 555 764 633 qui
789 554 879 633 gladio
900 573 955 613 von

291 636 409 712 aperuit,
435 657 521 713 quam
537 655 632 694 sanare
647 633 747 694 medici
762 655 818 694 non
831 644 956 713 potuerar

291 716 377 781 enirn,
392 717 477 775 otiam
492 737 557 775 oum
571 718 663 776 obesse
678 716 790 785 vellent,
769 700 957 793 tpiofuerun

290 796 424 873 prodesse,
446 798 602 856 obfuermunt
646 798 691 855 Ita
705 796 816 866 nonfi
842 818 877 853 ex
892 816 956 873 eoq

289 887 322 934 ut
338 878 503 935 voluntas
479 899 549 956 eJus,
564 898 613 954 qru
605 871 740 946 dederit,
753 886 897 954 appareat.
912 896 959 935 nec

288 958 403 1036 accepit,
414 960 484 1016 bono
496 959 595 1027 utitur,
611 957 729 1016 ideirco
723 978 755 1026 rs,
771 978 819 1033 qur
811 958 918 1025 dedit,
932 978 959 1015 ιιι

290 1038 367 1104 Quae
382 1041 456 1096 enirn
478 1040 573 1107 libido,
600 1059 670 1115 quae
690 1038 817 1107 avaritia,
840 1038 914 1115 quod
936 1038 960 1096 fa

289 1118 437 1196 suscipitur
450 1120 503 1176 nisi
519 1120 630 1179 oonsilio
645 1130 735 1197 capto,
749 1127 800 1177 aut
813 1119 872 1176 aine
886 1118 961 1176 anim

290 1199 463 1276 cogitatione,
478 1199 507 1258 id
521 1209 573 1270 ιιι,ι
588 1200 703 1267 ratione,
725 1198 889 1277 perficitur?
935 1199 961 1258 N

289 1280 381 1358 opinio
396 1281 465 1339 ratio
479 1291 530 1351 est,
547 1292 575 1340 et
589 1280 704 1358 quidem
719 1281 790 1338 bona
804 1280 883 1348 ratio,
899 1279 921 1337 si
937 1300 962 1338 vr

288 1373 394 1430 autern,
409 1362 431 1419 si
443 1361 511 1421 falsa
521 1372 562 1420 est
573 1362 674 1439 opinio.
706 1360 761 1418 Sed
772 1381 790 1418 a
798 1360 847 1420 deo
858 1370 963 1419 tantun·

289 1443 433 1511 habemus,
447 1442 469 1499 ai
484 1443 566 1501 modo
576 1444 730 1510 habemus;
751 1443 853 1499 bonam
864 1449 960 1498 autem

288 1533 404 1581 autnon
415 1524 526 1593 bonam,
541 1523 655 1582 anobis.
694 1522 722 1579 N
725 1542 760 1580 on
773 1522 860 1588 enirn,
874 1531 907 1580 ut
917 1531 964 1599 pat

289 1604 464 1669 relinquitur.
477 1606 515 1663 sio
525 1605 593 1663 ratio
603 1603 711 1661 homini
723 1612 764 1657 est
775 1602 905 1655 beneflcio
917 1602 965 1649 don
