2367 3817
198 435 370 487 assesso.
442 403 845 487 nautiorunsoaun.
996 435 1029 483 sa

198 547 303 624 gpptio.
344 546 420 614 Quid
434 547 520 625 igitur
530 566 622 605 censes
636 549 648 604 Β
692 545 779 623 Apim
791 545 881 611 illum,
896 552 1024 602 sanctum

198 628 401 705 Aegyptiorum
413 629 523 693 bovem,
543 646 635 685 noune
649 626 732 685 deum
747 625 833 684 videri
849 625 1020 715 Aegyptiis?

197 708 269 766 Tam
279 709 379 777 hercle,
394 729 480 801 quarn
491 708 543 766 trbr
552 706 630 766 1llam
638 718 761 767 nostram
771 706 862 783 Sospr
864 726 920 773 am,
935 712 1020 781 quarn

195 797 228 845 tu
248 809 394 867 nunquam
414 810 450 848 ne
464 790 493 848 in
515 788 619 847 somnis
639 789 753 865 quidem
775 787 861 870 vides,
882 785 935 844 nisi
955 806 1020 845 cum

194 868 265 945 pelle
279 871 399 947 caprina,
421 890 485 928 cum
499 871 580 927 basta
563 890 669 936 acum
683 868 802 936 scutulo,
819 888 884 927 cum
898 867 1021 928 calceolis

194 950 329 1026 repandis.
373 952 414 1009 At
427 971 483 1008 non
498 962 539 1008 est
550 912 614 1007 talis
626 950 722 1027 Argia,
737 968 786 1007 nec
801 948 1020 1007 RomanaJuno

196 1030 268 1107 Ergo
289 1032 344 1088 alia
364 1031 465 1108 species
485 1032 503 1088 J
507 1050 606 1088 unoms
629 1030 751 1107 Argivis,
782 1028 837 1086 alia
859 1028 1020 1086 Lanuvinis.

195 1110 235 1167 Et
248 1111 361 1186 quidem
374 1112 429 1170 alia
441 1111 520 1170 nobis
535 1110 694 1188 Capitolini,
713 1110 768 1170 alia
783 1108 859 1167 Afris
872 1110 1021 1168 Ammonis

193 1190 283 1249 Jovis.
358 1230 362 1233 -

235 1272 337 1331 XXX.
356 1273 387 1331 N
389 1294 424 1332 on
437 1273 524 1352 pudet
538 1272 624 1351 igitur
631 1273 789 1353 physicum,
804 1272 897 1342 idest,
923 1293 1020 1352 specu-

194 1353 310 1412 latorem
325 1364 539 1432 venatoremque
553 1364 679 1425 naturae,
700 1357 736 1414 ab
749 1354 850 1413 animis
871 1363 1017 1413 consuetu.

193 1433 258 1492 dine
266 1436 392 1503 imbutis,
404 1446 496 1512 petere
505 1436 698 1493 testimonium
708 1434 850 1493 veritatis?
874 1436 932 1493 isto
943 1434 1018 1493 enim

193 1515 276 1573 modo
290 1516 379 1574 dicere
391 1516 494 1583 licebit,
516 1516 535 1572 J
537 1536 618 1573 ovem
633 1535 739 1592 semper
753 1515 910 1583 barbatum,
932 1516 1019 1593 Apol·

193 1594 279 1653 linem
301 1617 408 1673 semper
427 1598 590 1665 imberbem,
619 1596 719 1655 caesios
747 1594 837 1653 oculos
865 1596 1018 1664 Minervae,

193 1676 329 1733 caeruleos
342 1696 400 1734 esse
415 1677 553 1753 Neptuni.
596 1678 634 1734 lit
655 1675 769 1752 quidem
784 1676 904 1733 Athenis
920 1677 1018 1734 lauda-

194 1774 260 1812 mus
275 1756 436 1814 Vulcanum
447 1776 523 1824 eum,
538 1776 622 1832 quem
637 1756 702 1814 fecit
718 1756 897 1814 Alcamenes:
920 1757 1017 1834 inquo

191 1845 284 1894 stante
293 1846 378 1914 atque
389 1838 488 1895 vestito
498 1837 597 1895 leviter
606 1846 720 1915 apparet
731 1836 893 1896 claudicatio
903 1858 957 1896 non
969 1839 1020 1897 de-

191 1917 294 1975 formis.
337 1918 477 1977 Claudum
490 1918 577 1995 igitur
589 1918 754 1977 habebimus
771 1917 864 1987 deum,
885 1919 1018 1996 quoniam

189 1996 224 2055 de
240 1999 366 2057 Vulcano
377 1999 415 2057 sio
428 2000 592 2076 accepimus.

233 2080 304 2157 Age,
329 2089 358 2138 et
378 2081 422 2138 his
437 2080 575 2139 vocabulis
597 2080 660 2138 deos
674 2100 732 2138 esse
745 2080 870 2147 facimus,
885 2082 985 2157 quibus
999 2104 1016 2141 a

191 2160 269 2217 nobis
283 2160 473 2220 nominantur.
515 2160 556 2219 At
571 2160 705 2238 primurn,
721 2170 789 2238 quot
803 2162 949 2220 hominum
961 2163 1018 2222 lin.

190 2260 269 2317 guae,
284 2251 326 2299 tot
334 2242 449 2299 nomina
456 2241 579 2299 deorum.
617 2241 682 2300 Non
692 2243 778 2310 enim,
794 2251 826 2301 ut
838 2251 869 2301 tu
881 2243 1014 2313 Velleius,

190 2340 365 2399 quocumque
385 2322 501 2391 veneris,
537 2323 575 2380 sio
599 2322 674 2380 idem
695 2323 726 2380 in
754 2323 837 2381 Italia
865 2319 1014 2393 Vulcanus,

189 2400 264 2459 idem
275 2404 305 2459 in
318 2402 421 2471 Africa,
433 2403 508 2460 idern
519 2402 548 2460 in
560 2402 706 2480 Hispania.
734 2403 853 2473 Deinde,
867 2405 1015 2464 nominum

188 2501 244 2540 non
259 2501 376 2559 magnus
389 2502 533 2551 numerius,
553 2504 589 2541 ne
610 2484 640 2541 in
654 2484 800 2561 pontificiis
822 2484 935 2559 quidem
951 2506 1014 2544 nos-

188 2561 257 2619 tris:
272 2562 383 2621 deorem
396 2573 492 2621 autem
502 2563 720 2623 innumerabilis.
762 2565 811 2623 An
825 2565 883 2621 sine
893 2566 1014 2624 nomini·

187 2644 239 2701 bus
250 2648 339 2703 sunt?
376 2644 458 2703 Istud
469 2644 600 2721 quidem
593 2654 634 2704 1ta
647 2646 724 2703 robis
734 2645 824 2703 dicere
834 2664 942 2704 necesse
952 2658 1013 2705 est:

186 2724 254 2799 quid
268 2725 344 2783 enim
358 2726 470 2796 attinet,
492 2746 556 2785 cum
570 2746 629 2786 una
642 2726 773 2785 faciest
736 2735 782 2794 stt,
803 2726 884 2805 plura
897 2746 1014 2787 esseno-

186 2804 285 2863 mina?

121 2905 123 2908 ·
227 2884 320 2952 Quam
333 2888 439 2945 bellum
452 2896 521 2957 erat,
543 2887 645 2956 Vellei,
669 2887 792 2947 confiteri
805 2889 897 2967 potius
910 2891 1013 2949 nescire

186 2966 260 3043 quod
273 2966 399 3037 nescires,
414 2988 499 3045 quam
513 2969 568 3027 ista
580 2968 756 3027 effutientem
768 2988 911 3038 nauseare,
928 2982 1013 3046 atquo

184 3048 277 3126 ipsum
289 3047 341 3105 sibi
352 3047 493 3126 displicere
504 3052 516 3107 Β
552 3050 599 3107 An
611 3057 644 3107 tu
654 3068 711 3107 mer
702 3048 842 3107 similem
853 3058 935 3125 putas
945 3070 1012 3117 esse,

184 3138 234 3186 aut
255 3129 308 3196 tui,
333 3127 442 3186 deum?
429 3128 608 3188 lProfecto
628 3148 684 3187 non
697 3138 791 3206 putas.
831 3127 913 3193 unu
928 3130 1015 3197 eruut

184 3208 276 3267 Solem
291 3208 392 3279 dom,
409 3218 462 3271 aut
477 3210 588 3284 lunam,
611 3220 665 3272 aut
680 3210 810 3278 coelum,
828 3206 944 3263 deum
961 3203 1050 3266 We*

826 3306 845 3344 c
