2367 3817
188 473 252 522 cn».
270 454 359 524 iau.
408 472 459 522 aa
476 470 630 523 narona
647 469 818 523 oaoaua.
981 471 1013 520 cs

197 631 199 633 v
229 586 315 644 XVI.
337 584 450 644 Etenim
463 585 528 643 licat
543 584 636 643 videre
648 583 775 645 acutiora·
788 583 906 662 ingania,
928 592 958 644 et
977 582 1014 643 ad

187 665 400 743 intelligendum
414 664 530 742 aptiora,
546 684 653 734 eorum,
668 664 716 741 qui
727 673 813 726 terras
824 666 945 724 incolant
956 684 1011 732 eas,

187 746 217 804 iu
231 746 333 823 quihus
345 753 394 805 aer
407 745 443 803 sit
456 765 546 823 purus·
556 764 588 803 ac
602 744 703 812 tenuis,
721 765 806 822 quam
820 745 940 813 illorum,
963 745 1013 822 qui

188 836 305 886 utantur
329 846 417 885 crasso
445 825 518 884 coelo
545 835 631 901 atque
664 835 795 885 concreto.
851 824 1013 893 Quinetiam

186 906 255 977 cibo,
270 926 326 983 quo
337 915 425 973 utare,
439 905 569 964 interesse
582 904 690 981 aliquid
703 905 739 964 ad
749 905 852 963 mentis
861 906 949 966 aciem
959 926 1013 983 pu·

185 996 259 1046 tant.
290 986 434 1046 Probabile
444 995 486 1043 cst
496 986 591 1062 igitur,
603 995 788 1062 praestantem
799 986 1012 1063 intelligentiam

185 1066 217 1124 in
230 1066 366 1125 sideribus
379 1086 445 1135 esse,
467 1086 538 1143 quae
552 1076 580 1125 et
600 1066 758 1124 aetheream
779 1064 879 1124 mundi
904 1076 1011 1143 partem

185 1147 318 1216 incolant,
333 1156 361 1205 et
378 1147 493 1206 marinis
506 1147 674 1223 terrenisque
684 1145 856 1217 humoribus,
871 1146 951 1225 longo
965 1146 1012 1205 in.

184 1228 301 1287 terv'allo
311 1227 477 1297 extenuatis,
488 1227 607 1286 alantur.
637 1227 757 1287 Sensum
767 1236 862 1286 autem
872 1237 1010 1287 astrorum

185 1318 269 1385 atque
289 1308 508 1402 intelligentiam
532 1309 657 1367 maxime
680 1308 800 1367 declarat
823 1308 888 1367 ordo
911 1327 1009 1368 eorum

184 1399 269 1465 atque
281 1390 453 1448 constantia·
475 1389 547 1448 nihil
561 1399 603 1448 est
616 1389 702 1458 enim,
716 1388 791 1481 qqori
801 1389 907 1449 ratione
916 1398 945 1448 et
956 1408 1010 1448 nu·

184 1488 259 1530 mero
279 1470 384 1529 moveri
406 1470 492 1547 possit
516 1470 575 1528 sine
599 1468 753 1536 consilio,
745 1489 776 1526 ιιι
794 1488 852 1545 quo
871 1468 944 1526 nihil
967 1477 1011 1527 est

184 1551 373 1619 temerarium,
397 1550 468 1607 nihil
489 1549 610 1615 varium,
635 1548 708 1606 nihil
727 1546 885 1619 fortuitum
936 1548 1011 1607 Ordo

183 1639 280 1689 autem
304 1630 437 1697 siderum,
465 1638 494 1687 et
514 1630 544 1689 in
564 1628 646 1689 omni
662 1626 827 1688 aeternitate
845 1629 1009 1696 toustantia,

183 1729 274 1786 neque
287 1719 418 1768 murram
433 1708 569 1786 signifieat
589 1706 647 1779 (est
667 1708 742 1766 enim
763 1708 845 1786 plena
869 1708 1010 1785 rationis)

182 1809 273 1866 neque
286 1789 437 1859 fortunam,
459 1809 540 1868 quae,
561 1788 652 1847 amica
666 1788 804 1858 varietati,
824 1790 1010 1848 constantiam

181 1870 296 1949 respuit.
337 1870 471 1948 Sequitur
484 1890 556 1948 ergo,
571 1880 604 1928 ut
618 1870 677 1947 ipsa
690 1889 741 1929 sua
754 1878 860 1947 sponte,
881 1890 931 1930 suo
945 1890 1010 1929 sen.

181 1970 215 2009 su
234 1971 266 2010 ac
286 1952 435 2010 divinitate
454 1960 629 2010 moveantur.
672 1950 735 2009 Nec
759 1969 823 2009 vero
844 1950 1008 2011 Aristoteles

181 2052 236 2091 non
250 2032 405 2091 laudandus
419 2032 448 2090 in
469 2052 511 2102 eo,
532 2030 607 2108 quod
628 2030 732 2100 omnia,
756 2050 827 2107 quae
846 2041 1006 2101 moventur,

180 2122 230 2171 aut
241 2121 343 2171 natura
351 2117 458 2171 moveri
468 2112 586 2183 censuit,
601 2120 650 2170 aut
663 2111 701 2178 vi,
711 2122 762 2170 aut
772 2112 914 2174 vuluntate
920 2134 929 2182 ς
943 2132 1005 2171 mo·

181 2194 347 2252 variantem
362 2194 456 2263 solem,
478 2202 507 2252 et
520 2193 628 2261 lunam,
649 2202 677 2251 et
691 2191 780 2251 sidera
799 2192 908 2253 omnia:
933 2211 1005 2271 quae

179 2283 274 2332 autem
295 2283 396 2335 natura
416 2284 602 2342 moverentur,
627 2272 696 2332 haec
717 2283 768 2333 aut
787 2273 906 2351 pondere
924 2274 1004 2335 deor·

179 2373 253 2423 sum,
268 2364 318 2413 aut
331 2354 446 2413 levitate
459 2355 489 2412 in
503 2354 622 2413 sublime
635 2353 715 2411 feni:
737 2374 857 2431 quorum
870 2363 1004 2414 neutrum

177 2435 259 2493 astris
280 2434 458 2511 contingeret,
482 2443 625 2512 propterea
643 2434 718 2511 quod
739 2454 835 2494 eorum
858 2444 952 2494 motus
972 2435 1003 2492 in

178 2516 273 2572 orbem
294 2515 453 2592 circumque
466 2514 590 2572 ferretur.
633 2514 695 2573 Nec
717 2535 780 2574 vero
793 2515 847 2573 dici
867 2524 958 2592 potest
974 2515 1002 2571 vi

178 2594 320 2671 quandam
333 2595 437 2673 majore
451 2594 519 2665 fieri,
535 2603 672 2654 utcontra
681 2605 811 2655 naturam
822 2606 896 2655 astra
906 2615 1001 2654 move·

177 2684 262 2734 antur
270 2698 280 2746 ,·
295 2696 366 2754 quae
376 2675 451 2734 enim
465 2685 555 2754 potest
569 2677 657 2754 major
670 2678 750 2735 esse?
794 2676 890 2735 Restat
904 2676 1001 2753 igitur,

177 2767 210 2814 ut
223 2766 316 2816 motus
326 2766 462 2816 astrorum
476 2758 513 2816 sit
527 2757 717 2817 voluntarius:
741 2776 811 2832 quae
832 2756 881 2832 qui
897 2756 999 2822 rideat,

176 2856 232 2895 non
246 2837 354 2897 indocte
367 2838 466 2907 solum,
470 2857 581 2900 verum
595 2838 681 2895 ctiam
694 2837 780 2913 impia
793 2834 885 2904 faciat,
900 2857 923 2894 ar
915 2836 1000 2893 'deos

176 2937 234 2977 esse
254 2928 343 2995 neget.
386 2918 448 2976 Nec
469 2939 534 2977 sane
554 2918 680 2977 multum
700 2918 825 2984 interest,
853 2925 950 2975 utrum
972 2915 1000 2972 id

175 3009 266 3075 neget,
287 3019 322 3057 an
338 3018 383 3057 eos
403 3000 480 3057 omni
500 2997 691 3076 procuratione
711 3006 796 3071 atque
816 2996 923 3055 actione
943 2994 1000 3070 pri·

176 3088 242 3149 vet3
264 3079 335 3137 mihi
345 3080 430 3147 enim,
445 3099 493 3155 qui
485 3078 575 3140 nihil
583 3077 650 3155 agit
661 3095 719 3135 esse
732 3075 845 3134 omnino
856 3094 912 3133 non
923 3072 1000 3130 vide·

174 3169 232 3217 tur.
274 3160 359 3218 Esae'
352 3159 438 3237 igitur
450 3159 535 3217 deos
528 3156 763 3250 imperspicuum
772 3163 828 3222 est,
844 3163 894 3220 ut,
909 3152 944 3207 'ul
953 3150 1008 3223 stu

169 3250 261 3315 neget,
287 3240 335 3297 vix
347 3259 415 3298 eum
429 3260 517 3301 sanae
531 3238 643 3299 mentis
654 3237 837 3297 ειζιιιιιιιιιιι

158 3317 307 3387 XVII
329 3318 450 3394 Restat,
474 3331 523 3395 ut,
541 3321 892 3447 qmltseommaatqrs
899 3303 1059 3369 *thatim
