2367 3817
271 256 484 311 [uuiAuiiupuu
486 266 592 309 ιι,ιιυιιι1
595 270 641 303 ιιι,

270 333 303 380 ia,
319 311 471 389 quodenset
482 313 638 385 infinitum,
644 273 743 373 deuin
743 278 911 373 voluit
856 335 912 373 esse

269 402 315 452 nte
338 393 409 452 item
423 393 640 487 reprehenditur,
662 404 696 453 ιιι
684 395 829 453 tcaeteri:
852 395 912 454 def

268 494 318 531 um
330 474 555 540 vehementius,
547 493 576 531 in
588 495 645 552 qua
655 476 726 534 nihil
739 494 829 551 neque
844 477 911 534 senti

267 556 470 633 iconjunctum
483 563 573 631 potest
586 576 652 614 esse.

266 635 343 694 Nam
357 635 534 694 Parmenides
548 636 773 695 commentitium
788 637 909 713 quiddan

266 716 404 775 iilitudine
418 716 520 775 efficit:
543 716 701 795 Stephanen
713 717 843 795 appellat,
860 738 907 776 con

265 799 315 856 iore
329 798 398 855 lucis
409 799 511 865 orbem,
527 797 575 873 qui
587 798 673 875 cingit
684 799 790 856 coelum
801 820 810 866 ;
833 818 907 873 quen

264 898 315 936 im.
348 879 382 935 In
392 899 446 954 quo
457 889 547 955 neque
558 877 676 956 figuram
686 880 822 948 divinam,
835 899 906 955 nequ

263 958 370 1034 isquam
385 959 515 1034 suspicari
529 969 629 1035 potest..
665 960 759 1019 Multa
769 960 894 1037 ejusdem

262 1038 325 1115 ippe
338 1038 387 1113 qui
401 1038 516 1105 bellum,
531 1040 580 1113 qui
595 1039 768 1106 discordiam,
792 1039 840 1113 qui
854 1057 904 1113 cup

261 1128 382 1194 ueraque
397 1118 502 1195 generis
515 1118 640 1195 ejusdem
660 1118 696 1176 nd
716 1117 801 1174 deum
822 1135 903 1174 revoc¹

260 1200 384 1267 imnrho,
410 1198 453 1256 vel
474 1217 581 1264 somno,
607 1198 650 1256 vel
672 1196 817 1265 oblivione,
843 1196 887 1254 vel

259 1280 358 1338 lentur.
401 1280 562 1355 Eademque
575 1278 610 1336 de
624 1278 758 1337 sideribus
770 1299 778 1347 ;
801 1298 872 1354 quae
886 1298 901 1335 n

259 1380 279 1417 ιι
294 1360 323 1417 in
337 1359 401 1427 alio,
416 1360 445 1418 in
459 1360 511 1417 hoc
524 1358 700 1418 omittantur.

263 1441 336 1497 XII.
358 1439 536 1519 Empedocles
557 1450 654 1498 autem
674 1440 766 1497 multa
790 1439 844 1497 alia
868 1459 899 1516 pu

258 1541 337 1579 orum
359 1521 486 1599 opinione
507 1520 666 1598 turpissime
679 1521 791 1579 labitur.
833 1519 899 1587 Qua‘

255 1611 347 1670 ituras,
366 1622 402 1659 ex
416 1600 517 1677 quibui
531 1602 626 1660 omnia
639 1612 762 1661 constare
776 1601 847 1670 vult,
870 1602 897 1658 di
