<?xml version="1.0" encoding="UTF-8"?>
<!DOCTYPE html PUBLIC "-//W3C//DTD XHTML 1.0 Transitional//EN"
    "http://www.w3.org/TR/xhtml1/DTD/xhtml1-transitional.dtd">
<html xmlns="http://www.w3.org/1999/xhtml" xml:lang="en" lang="en">
 <head>
  <title>
</title>
<meta http-equiv="Content-Type" content="text/html;charset=utf-8" />
  <meta name='ocr-system' content='tesseract 3.04.00' />
  <meta name='ocr-capabilities' content='ocr_page ocr_carea ocr_par ocr_line ocrx_word'/>
</head>
<body>
  <div class='ocr_page' id='page_1' title='image "./mtulliiciceroni00schogoog_0015.png"; bbox 0 0 2367 3817; ppageno 0'>
   <div class='ocr_carea' id='block_1_1' title="bbox 178 410 999 496">
    <p class='ocr_par' dir='ltr' id='par_1_1' title="bbox 178 410 999 496">
     <span class='ocr_line' id='line_1_1' title="bbox 178 410 999 496; baseline 0.006 -5"><span class='ocrx_word' id='word_1_1' title='bbox 178 443 312 494; x_wconf 63' lang='lat' dir='ltr'>crae-a</span> <span class='ocrx_word' id='word_1_2' title='bbox 384 438 443 492; x_wconf 80' lang='lat' dir='ltr'>nn</span> <span class='ocrx_word' id='word_1_3' title='bbox 459 410 808 493; x_wconf 67' lang='lat' dir='ltr'>Neronianorum</span> <span class='ocrx_word' id='word_1_4' title='bbox 970 445 999 496; x_wconf 89' lang='lat' dir='ltr'>n</span> 
     </span>
    </p>
   </div>
   <div class='ocr_carea' id='block_1_2' title="bbox 174 554 1003 1120">
    <p class='ocr_par' dir='ltr' id='par_1_2' title="bbox 174 554 1003 1120">
     <span class='ocr_line' id='line_1_2' title="bbox 174 554 1003 633; baseline -0.002 -18"><span class='ocrx_word' id='word_1_5' title='bbox 174 558 214 615; x_wconf 84' lang='lat' dir='ltr'>ris</span> <span class='ocrx_word' id='word_1_6' title='bbox 227 554 355 633; x_wconf 79' lang='lat' dir='ltr'>quidem,</span> <span class='ocrx_word' id='word_1_7' title='bbox 365 555 450 633; x_wconf 91' lang='lat' dir='ltr'>quod,</span> <span class='ocrx_word' id='word_1_8' title='bbox 463 556 512 631; x_wconf 91' lang='lat' dir='ltr'>qui</span> <span class='ocrx_word' id='word_1_9' title='bbox 527 575 583 614; x_wconf 91' lang='lat' dir='ltr'>non</span> <span class='ocrx_word' id='word_1_10' title='bbox 597 556 678 614; x_wconf 90' lang='lat' dir='ltr'>modo</span> <span class='ocrx_word' id='word_1_11' title='bbox 691 567 792 616; x_wconf 87' lang='lat' dir='ltr'>natum</span> <span class='ocrx_word' id='word_1_12' title='bbox 805 556 946 617; x_wconf 87' lang='lat' dir='ltr'>mundum</span> <span class='ocrx_word' id='word_1_13' title='bbox 957 557 1003 619; x_wconf 89' lang='lat' dir='ltr'>in.</span> 
     </span>
     <span class='ocr_line' id='line_1_3' title="bbox 176 636 1001 714; baseline 0.005 -19"><span class='ocrx_word' id='word_1_14' title='bbox 176 636 341 705; x_wconf 73' lang='lat' dir='ltr'>traduxerit,</span> <span class='ocrx_word' id='word_1_15' title='bbox 363 636 411 695; x_wconf 84' lang='lat' dir='ltr'>sed</span> <span class='ocrx_word' id='word_1_16' title='bbox 431 637 516 695; x_wconf 89' lang='lat' dir='ltr'>etiam</span> <span class='ocrx_word' id='word_1_17' title='bbox 532 639 626 695; x_wconf 75' lang='lat' dir='ltr'>‘manu</span> <span class='ocrx_word' id='word_1_18' title='bbox 646 657 732 714; x_wconf 84' lang='lat' dir='ltr'>paene</span> <span class='ocrx_word' id='word_1_19' title='bbox 752 637 867 705; x_wconf 85' lang='lat' dir='ltr'>factum,</span> <span class='ocrx_word' id='word_1_20' title='bbox 892 639 916 698; x_wconf 88' lang='lat' dir='ltr'>is</span> <span class='ocrx_word' id='word_1_21' title='bbox 936 659 1001 700; x_wconf 88' lang='lat' dir='ltr'>eum</span> 
     </span>
     <span class='ocr_line' id='line_1_4' title="bbox 175 716 1003 797; baseline 0.005 -21"><span class='ocrx_word' id='word_1_22' title='bbox 175 716 278 776; x_wconf 86' lang='lat' dir='ltr'>dixerit</span> <span class='ocrx_word' id='word_1_23' title='bbox 297 717 354 776; x_wconf 78' lang='lat' dir='ltr'>lore</span> <span class='ocrx_word' id='word_1_24' title='bbox 373 716 583 794; x_wconf 87' lang='lat' dir='ltr'>sempiternum.</span> <span class='ocrx_word' id='word_1_25' title='bbox 605 717 712 777; x_wconf 21' lang='lat' dir='ltr'>,Hunc</span> <span class='ocrx_word' id='word_1_26' title='bbox 732 738 823 778; x_wconf 85' lang='lat' dir='ltr'>canses</span> <span class='ocrx_word' id='word_1_27' title='bbox 839 719 947 797; x_wconf 89' lang='lat' dir='ltr'>primis,</span> <span class='ocrx_word' id='word_1_28' title='bbox 968 732 1003 780; x_wconf 92' lang='lat' dir='ltr'>ut</span> 
     </span>
     <span class='ocr_line' id='line_1_5' title="bbox 175 797 1000 877; baseline 0.006 -20"><span class='ocrx_word' id='word_1_29' title='bbox 175 798 288 867; x_wconf 89' lang='lat' dir='ltr'>dicitur,</span> <span class='ocrx_word' id='word_1_30' title='bbox 300 798 391 857; x_wconf 37' lang='lat' dir='ltr'>&gt;labris</span> <span class='ocrx_word' id='word_1_31' title='bbox 404 806 528 876; x_wconf 79' lang='lat' dir='ltr'>gustasse</span> <span class='ocrx_word' id='word_1_32' title='bbox 539 797 751 875; x_wconf 83' lang='lat' dir='ltr'>physiologiam,</span> <span class='ocrx_word' id='word_1_33' title='bbox 773 800 822 876; x_wconf 93' lang='lat' dir='ltr'>qui</span> <span class='ocrx_word' id='word_1_34' title='bbox 836 800 1000 877; x_wconf 78' lang='lat' dir='ltr'>quidquam,</span> 
     </span>
     <span class='ocr_line' id='line_1_6' title="bbox 175 879 1001 957; baseline 0.006 -20"><span class='ocrx_word' id='word_1_35' title='bbox 175 879 250 956; x_wconf 90' lang='lat' dir='ltr'>quod</span> <span class='ocrx_word' id='word_1_36' title='bbox 264 887 357 939; x_wconf 88' lang='lat' dir='ltr'>ortum</span> <span class='ocrx_word' id='word_1_37' title='bbox 371 879 418 948; x_wconf 86' lang='lat' dir='ltr'>ait,</span> <span class='ocrx_word' id='word_1_38' title='bbox 439 886 521 956; x_wconf 86' lang='lat' dir='ltr'>putet</span> <span class='ocrx_word' id='word_1_39' title='bbox 541 888 687 937; x_wconf 83' lang='lat' dir='ltr'>aetemum</span> <span class='ocrx_word' id='word_1_40' title='bbox 701 900 758 938; x_wconf 84' lang='lat' dir='ltr'>esse</span> <span class='ocrx_word' id='word_1_41' title='bbox 778 882 878 957; x_wconf 84' lang='lat' dir='ltr'>possa?</span> <span class='ocrx_word' id='word_1_42' title='bbox 914 880 1001 949; x_wconf 75' lang='lat' dir='ltr'>Quae</span> 
     </span>
     <span class='ocr_line' id='line_1_7' title="bbox 175 958 1000 1039; baseline 0.002 -20"><span class='ocrx_word' id='word_1_43' title='bbox 175 971 217 1019; x_wconf 88' lang='lat' dir='ltr'>est</span> <span class='ocrx_word' id='word_1_44' title='bbox 231 960 307 1019; x_wconf 88' lang='lat' dir='ltr'>enim</span> <span class='ocrx_word' id='word_1_45' title='bbox 319 959 526 1037; x_wconf 89' lang='lat' dir='ltr'>coagmentatio</span> <span class='ocrx_word' id='word_1_46' title='bbox 546 979 602 1018; x_wconf 91' lang='lat' dir='ltr'>non</span> <span class='ocrx_word' id='word_1_47' title='bbox 622 958 812 1019; x_wconf 80' lang='lat' dir='ltr'>dissolubilis?</span> <span class='ocrx_word' id='word_1_48' title='bbox 856 963 918 1020; x_wconf 90' lang='lat' dir='ltr'>Aut</span> <span class='ocrx_word' id='word_1_49' title='bbox 932 963 1000 1039; x_wconf 90' lang='lat' dir='ltr'>quid</span> 
     </span>
     <span class='ocr_line' id='line_1_8' title="bbox 175 1039 997 1120; baseline 0.005 -22"><span class='ocrx_word' id='word_1_50' title='bbox 175 1042 227 1110; x_wconf 86' lang='lat' dir='ltr'>est,</span> <span class='ocrx_word' id='word_1_51' title='bbox 242 1043 321 1120; x_wconf 86' lang='lat' dir='ltr'>cujus</span> <span class='ocrx_word' id='word_1_52' title='bbox 331 1040 498 1119; x_wconf 77' lang='lat' dir='ltr'>principium</span> <span class='ocrx_word' id='word_1_53' title='bbox 510 1039 623 1116; x_wconf 81' lang='lat' dir='ltr'>aliquod</span> <span class='ocrx_word' id='word_1_54' title='bbox 634 1040 679 1109; x_wconf 90' lang='lat' dir='ltr'>sit,</span> <span class='ocrx_word' id='word_1_55' title='bbox 691 1039 762 1098; x_wconf 90' lang='lat' dir='ltr'>nihil</span> <span class='ocrx_word' id='word_1_56' title='bbox 774 1040 810 1099; x_wconf 84' lang='lat' dir='ltr'>sit</span> <span class='ocrx_word' id='word_1_57' title='bbox 821 1046 997 1101; x_wconf 83' lang='lat' dir='ltr'>extremum?</span> 
     </span>
    </p>
   </div>
   <div class='ocr_carea' id='block_1_3' title="bbox 124 1120 1054 3308">
    <p class='ocr_par' dir='ltr' id='par_1_3' title="bbox 124 1120 1054 3308">
     <span class='ocr_line' id='line_1_9' title="bbox 175 1120 997 1200; baseline 0.004 -21"><span class='ocrx_word' id='word_1_58' title='bbox 175 1122 298 1180; x_wconf 86' lang='lat' dir='ltr'>Pronoea</span> <span class='ocrx_word' id='word_1_59' title='bbox 317 1120 419 1181; x_wconf 82' lang='lat' dir='ltr'>verosi</span> <span class='ocrx_word' id='word_1_60' title='bbox 439 1130 532 1180; x_wconf 79' lang='lat' dir='ltr'>vestra</span> <span class='ocrx_word' id='word_1_61' title='bbox 544 1124 596 1191; x_wconf 88' lang='lat' dir='ltr'>est,</span> <span class='ocrx_word' id='word_1_62' title='bbox 618 1121 719 1190; x_wconf 83' lang='lat' dir='ltr'>Lucili,</span> <span class='ocrx_word' id='word_1_63' title='bbox 741 1122 858 1193; x_wconf 82' lang='lat' dir='ltr'>eadem3</span> <span class='ocrx_word' id='word_1_64' title='bbox 879 1124 997 1200; x_wconf 81' lang='lat' dir='ltr'>requiro,</span> 
     </span>
     <span class='ocr_line' id='line_1_10' title="bbox 173 1202 999 1282; baseline 0.002 -21"><span class='ocrx_word' id='word_1_65' title='bbox 173 1221 245 1280; x_wconf 88' lang='lat' dir='ltr'>quae</span> <span class='ocrx_word' id='word_1_66' title='bbox 257 1204 340 1282; x_wconf 91' lang='lat' dir='ltr'>paulo</span> <span class='ocrx_word' id='word_1_67' title='bbox 353 1211 429 1270; x_wconf 88' lang='lat' dir='ltr'>ante,</span> <span class='ocrx_word' id='word_1_68' title='bbox 449 1202 600 1271; x_wconf 83' lang='lat' dir='ltr'>ministros,</span> <span class='ocrx_word' id='word_1_69' title='bbox 614 1202 766 1271; x_wconf 85' lang='lat' dir='ltr'>machinas,</span> <span class='ocrx_word' id='word_1_70' title='bbox 787 1223 898 1262; x_wconf 86' lang='lat' dir='ltr'>omnem</span> <span class='ocrx_word' id='word_1_71' title='bbox 913 1206 999 1263; x_wconf 87' lang='lat' dir='ltr'>totius</span> 
     </span>
     <span class='ocr_line' id='line_1_11' title="bbox 173 1283 998 1364; baseline 0.002 -22"><span class='ocrx_word' id='word_1_72' title='bbox 173 1284 260 1364; x_wconf 83' lang='lat' dir='ltr'>operia</span> <span class='ocrx_word' id='word_1_73' title='bbox 280 1283 499 1361; x_wconf 78' lang='lat' dir='ltr'>designationem</span> <span class='ocrx_word' id='word_1_74' title='bbox 518 1292 603 1359; x_wconf 87' lang='lat' dir='ltr'>atque</span> <span class='ocrx_word' id='word_1_75' title='bbox 616 1296 800 1361; x_wconf 86' lang='lat' dir='ltr'>apparatum:</span> <span class='ocrx_word' id='word_1_76' title='bbox 822 1285 865 1342; x_wconf 87' lang='lat' dir='ltr'>sin</span> <span class='ocrx_word' id='word_1_77' title='bbox 879 1286 998 1355; x_wconf 88' lang='lat' dir='ltr'>aliaest,</span> 
     </span>
     <span class='ocr_line' id='line_1_12' title="bbox 173 1364 999 1442; baseline 0.002 -19"><span class='ocrx_word' id='word_1_78' title='bbox 173 1381 223 1424; x_wconf 88' lang='lat' dir='ltr'>cnr</span> <span class='ocrx_word' id='word_1_79' title='bbox 234 1366 382 1425; x_wconf 80' lang='lat' dir='ltr'>mortalem</span> <span class='ocrx_word' id='word_1_80' title='bbox 396 1364 490 1422; x_wconf 82' lang='lat' dir='ltr'>lecerit</span> <span class='ocrx_word' id='word_1_81' title='bbox 500 1365 654 1433; x_wconf 88' lang='lat' dir='ltr'>mundum,</span> <span class='ocrx_word' id='word_1_82' title='bbox 674 1385 739 1431; x_wconf 89' lang='lat' dir='ltr'>non,</span> <span class='ocrx_word' id='word_1_83' title='bbox 761 1366 999 1442; x_wconf 85' lang='lat' dir='ltr'>quemadmodum</span> 
     </span>
     <span class='ocr_line' id='line_1_13' title="bbox 172 1446 924 1523; baseline -0.003 -20"><span class='ocrx_word' id='word_1_84' title='bbox 172 1446 330 1505; x_wconf 83' lang='lat' dir='ltr'>Platonicus</span> <span class='ocrx_word' id='word_1_85' title='bbox 344 1446 422 1513; x_wconf 87' lang='lat' dir='ltr'>deus,</span> <span class='ocrx_word' id='word_1_86' title='bbox 440 1446 667 1523; x_wconf 86' lang='lat' dir='ltr'>sempiternum?</span> <span class='ocrx_word' id='word_1_87' title='bbox 921 1518 924 1522; x_wconf 10' lang='grc' dir='ltr'><strong>Ἰ</strong></span> 
     </span>
     <span class='ocr_line' id='line_1_14' title="bbox 174 1526 997 1603; baseline 0 -18"><span class='ocrx_word' id='word_1_88' title='bbox 174 1542 177 1572; x_wconf 74' lang='grc' dir='ltr'><strong><em>ῑ</em></strong></span> <span class='ocrx_word' id='word_1_89' title='bbox 215 1528 273 1596; x_wconf 76' lang='grc' dir='ltr'>ΙΧ.1</span> <span class='ocrx_word' id='word_1_90' title='bbox 292 1528 339 1586; x_wconf 85' lang='lat' dir='ltr'>Ab</span> <span class='ocrx_word' id='word_1_91' title='bbox 353 1535 470 1603; x_wconf 88' lang='lat' dir='ltr'>utroque</span> <span class='ocrx_word' id='word_1_92' title='bbox 483 1536 579 1584; x_wconf 88' lang='lat' dir='ltr'>autern</span> <span class='ocrx_word' id='word_1_93' title='bbox 591 1526 720 1593; x_wconf 83' lang='lat' dir='ltr'>sciscitor,</span> <span class='ocrx_word' id='word_1_94' title='bbox 742 1545 791 1584; x_wconf 91' lang='lat' dir='ltr'>cur</span> <span class='ocrx_word' id='word_1_95' title='bbox 808 1527 907 1586; x_wconf 90' lang='lat' dir='ltr'>mundi</span> <span class='ocrx_word' id='word_1_96' title='bbox 922 1528 997 1586; x_wconf 88' lang='lat' dir='ltr'>aedi-</span> 
     </span>
     <span class='ocr_line' id='line_1_15' title="bbox 172 1605 998 1685; baseline -0.005 -20"><span class='ocrx_word' id='word_1_97' title='bbox 172 1605 296 1667; x_wconf 78' lang='lat' dir='ltr'>ficatores</span> <span class='ocrx_word' id='word_1_98' title='bbox 315 1616 427 1685; x_wconf 86' lang='lat' dir='ltr'>repente</span> <span class='ocrx_word' id='word_1_99' title='bbox 441 1608 598 1666; x_wconf 84' lang='lat' dir='ltr'>exstiterint</span> <span class='ocrx_word' id='word_1_100' title='bbox 610 1628 619 1676; x_wconf 90' lang='lat'>;</span> <span class='ocrx_word' id='word_1_101' title='bbox 647 1607 862 1666; x_wconf 81' lang='lat' dir='ltr'>innumerabilia</span> <span class='ocrx_word' id='word_1_102' title='bbox 874 1618 940 1666; x_wconf 88' lang='lat' dir='ltr'>ante</span> <span class='ocrx_word' id='word_1_103' title='bbox 954 1628 998 1667; x_wconf 89' lang='lat' dir='ltr'>se.</span> 
     </span>
     <span class='ocr_line' id='line_1_16' title="bbox 172 1687 997 1759; baseline 0.001 -13"><span class='ocrx_word' id='word_1_104' title='bbox 172 1688 236 1747; x_wconf 90' lang='lat' dir='ltr'>cula</span> <span class='ocrx_word' id='word_1_105' title='bbox 248 1687 419 1747; x_wconf 84' lang='lat' dir='ltr'>dormierint.</span> <span class='ocrx_word' id='word_1_106' title='bbox 462 1688 530 1747; x_wconf 92' lang='lat' dir='ltr'>Non</span> <span class='ocrx_word' id='word_1_107' title='bbox 544 1688 620 1746; x_wconf 92' lang='lat' dir='ltr'>enim</span> <span class='ocrx_word' id='word_1_108' title='bbox 635 1687 795 1746; x_wconf 88' lang='lat' dir='ltr'>simundus</span> <span class='ocrx_word' id='word_1_109' title='bbox 813 1689 908 1747; x_wconf 87' lang='lat' dir='ltr'>nullus</span> <span class='ocrx_word' id='word_1_110' title='bbox 928 1699 997 1759; x_wconf 89' lang='lat' dir='ltr'>erat,</span> 
     </span>
     <span class='ocr_line' id='line_1_17' title="bbox 172 1768 997 1847; baseline 0.001 -20"><span class='ocrx_word' id='word_1_111' title='bbox 172 1769 263 1828; x_wconf 87' lang='lat' dir='ltr'>secula</span> <span class='ocrx_word' id='word_1_112' title='bbox 282 1787 338 1828; x_wconf 91' lang='lat' dir='ltr'>non</span> <span class='ocrx_word' id='word_1_113' title='bbox 352 1777 439 1827; x_wconf 85' lang='lat' dir='ltr'>erant.</span> <span class='ocrx_word' id='word_1_114' title='bbox 480 1770 580 1828; x_wconf 86' lang='lat' dir='ltr'>Secula</span> <span class='ocrx_word' id='word_1_115' title='bbox 600 1788 675 1826; x_wconf 90' lang='lat' dir='ltr'>nunc</span> <span class='ocrx_word' id='word_1_116' title='bbox 695 1768 765 1837; x_wconf 91' lang='lat' dir='ltr'>dico,</span> <span class='ocrx_word' id='word_1_117' title='bbox 787 1790 842 1828; x_wconf 91' lang='lat' dir='ltr'>non</span> <span class='ocrx_word' id='word_1_118' title='bbox 864 1790 904 1838; x_wconf 90' lang='lat' dir='ltr'>ea,</span> <span class='ocrx_word' id='word_1_119' title='bbox 926 1791 997 1847; x_wconf 91' lang='lat' dir='ltr'>quae</span> 
     </span>
     <span class='ocr_line' id='line_1_18' title="bbox 172 1849 996 1927; baseline 0.002 -20"><span class='ocrx_word' id='word_1_120' title='bbox 172 1850 281 1910; x_wconf 89' lang='lat' dir='ltr'>dierum</span> <span class='ocrx_word' id='word_1_121' title='bbox 294 1849 474 1927; x_wconf 89' lang='lat' dir='ltr'>noctiumque</span> <span class='ocrx_word' id='word_1_122' title='bbox 487 1870 613 1918; x_wconf 90' lang='lat' dir='ltr'>numero,</span> <span class='ocrx_word' id='word_1_123' title='bbox 635 1851 736 1909; x_wconf 86' lang='lat' dir='ltr'>annuis</span> <span class='ocrx_word' id='word_1_124' title='bbox 756 1852 890 1919; x_wconf 82' lang='lat' dir='ltr'>cursibus,</span> <span class='ocrx_word' id='word_1_125' title='bbox 912 1851 996 1910; x_wconf 90' lang='lat' dir='ltr'>confi·</span> 
     </span>
     <span class='ocr_line' id='line_1_19' title="bbox 171 1930 995 2008; baseline -0.001 -19"><span class='ocrx_word' id='word_1_126' title='bbox 171 1931 304 1998; x_wconf 85' lang='lat' dir='ltr'>ciuntur;</span> <span class='ocrx_word' id='word_1_127' title='bbox 324 1949 392 1989; x_wconf 88' lang='lat' dir='ltr'>nam</span> <span class='ocrx_word' id='word_1_128' title='bbox 412 1930 499 1991; x_wconf 82' lang='lat' dir='ltr'>fateor</span> <span class='ocrx_word' id='word_1_129' title='bbox 512 1932 624 1991; x_wconf 86' lang='lat' dir='ltr'>ea-sine</span> <span class='ocrx_word' id='word_1_130' title='bbox 642 1931 743 1989; x_wconf 92' lang='lat' dir='ltr'>mundi</span> <span class='ocrx_word' id='word_1_131' title='bbox 763 1932 936 2008; x_wconf 76' lang='lat' dir='ltr'>conversione</span> <span class='ocrx_word' id='word_1_132' title='bbox 957 1932 995 1990; x_wconf 89' lang='lat' dir='ltr'>ef.</span> 
     </span>
     <span class='ocr_line' id='line_1_20' title="bbox 169 2011 997 2091; baseline -0.005 -22"><span class='ocrx_word' id='word_1_133' title='bbox 169 2012 214 2070; x_wconf 89' lang='lat' dir='ltr'>fici</span> <span class='ocrx_word' id='word_1_134' title='bbox 228 2012 283 2071; x_wconf 84' lang='lat' dir='ltr'>iron</span> <span class='ocrx_word' id='word_1_135' title='bbox 296 2011 427 2091; x_wconf 88' lang='lat' dir='ltr'>potuisse.</span> <span class='ocrx_word' id='word_1_136' title='bbox 468 2013 523 2070; x_wconf 89' lang='lat' dir='ltr'>Sed</span> <span class='ocrx_word' id='word_1_137' title='bbox 537 2013 591 2071; x_wconf 85' lang='lat' dir='ltr'>fuit</span> <span class='ocrx_word' id='word_1_138' title='bbox 605 2012 741 2089; x_wconf 84' lang='lat' dir='ltr'>quaedam</span> <span class='ocrx_word' id='word_1_139' title='bbox 752 2012 787 2071; x_wconf 90' lang='lat' dir='ltr'>ab</span> <span class='ocrx_word' id='word_1_140' title='bbox 801 2012 910 2071; x_wconf 87' lang='lat' dir='ltr'>infinito</span> <span class='ocrx_word' id='word_1_141' title='bbox 923 2022 997 2072; x_wconf 90' lang='lat' dir='ltr'>tem.</span> 
     </span>
     <span class='ocr_line' id='line_1_21' title="bbox 170 2092 997 2171; baseline -0.001 -19"><span class='ocrx_word' id='word_1_142' title='bbox 170 2114 234 2171; x_wconf 87' lang='lat' dir='ltr'>pore</span> <span class='ocrx_word' id='word_1_143' title='bbox 247 2092 404 2161; x_wconf 80' lang='lat' dir='ltr'>aeternitas,</span> <span class='ocrx_word' id='word_1_144' title='bbox 419 2112 505 2169; x_wconf 88' lang='lat' dir='ltr'>quam</span> <span class='ocrx_word' id='word_1_145' title='bbox 519 2094 598 2151; x_wconf 87' lang='lat' dir='ltr'>nulla</span> <span class='ocrx_word' id='word_1_146' title='bbox 611 2104 769 2170; x_wconf 90' lang='lat' dir='ltr'>temporum</span> <span class='ocrx_word' id='word_1_147' title='bbox 783 2093 997 2171; x_wconf 87' lang='lat' dir='ltr'>circumscriptio</span> 
     </span>
     <span class='ocr_line' id='line_1_22' title="bbox 169 2173 998 2251; baseline 0 -20"><span class='ocrx_word' id='word_1_148' title='bbox 169 2174 354 2234; x_wconf 84' lang='lat' dir='ltr'>metiebatur:</span> <span class='ocrx_word' id='word_1_149' title='bbox 375 2174 464 2251; x_wconf 86' lang='lat' dir='ltr'>spatio</span> <span class='ocrx_word' id='word_1_150' title='bbox 478 2183 582 2243; x_wconf 91' lang='lat' dir='ltr'>tamen,</span> <span class='ocrx_word' id='word_1_151' title='bbox 604 2174 694 2251; x_wconf 90' lang='lat' dir='ltr'>qualis</span> <span class='ocrx_word' id='word_1_152' title='bbox 714 2194 747 2232; x_wconf 89' lang='lat' dir='ltr'>ea</span> <span class='ocrx_word' id='word_1_153' title='bbox 765 2173 859 2243; x_wconf 82' lang='lat' dir='ltr'>fuerit,</span> <span class='ocrx_word' id='word_1_154' title='bbox 879 2174 998 2251; x_wconf 85' lang='lat' dir='ltr'>intelligi</span> 
     </span>
     <span class='ocr_line' id='line_1_23' title="bbox 169 2254 995 2333; baseline 0 -20"><span class='ocrx_word' id='word_1_155' title='bbox 169 2275 225 2313; x_wconf 92' lang='lat' dir='ltr'>non</span> <span class='ocrx_word' id='word_1_156' title='bbox 246 2262 337 2333; x_wconf 91' lang='lat' dir='ltr'>potest</span> <span class='ocrx_word' id='word_1_157' title='bbox 347 2276 356 2324; x_wconf 89' lang='lat'>;</span> <span class='ocrx_word' id='word_1_158' title='bbox 377 2254 502 2329; x_wconf 91' lang='lat' dir='ltr'>quodne</span> <span class='ocrx_word' id='word_1_159' title='bbox 522 2255 551 2312; x_wconf 94' lang='lat' dir='ltr'>in</span> <span class='ocrx_word' id='word_1_160' title='bbox 567 2255 761 2331; x_wconf 86' lang='lat' dir='ltr'>cogitationem</span> <span class='ocrx_word' id='word_1_161' title='bbox 781 2254 995 2331; x_wconf 83' lang='lat' dir='ltr'>quidemcadit,</span> 
     </span>
     <span class='ocr_line' id='line_1_24' title="bbox 168 2335 997 2413; baseline 0 -20"><span class='ocrx_word' id='word_1_162' title='bbox 168 2345 203 2393; x_wconf 94' lang='lat' dir='ltr'>ut</span> <span class='ocrx_word' id='word_1_163' title='bbox 216 2335 300 2394; x_wconf 84' lang='lat' dir='ltr'>fuerit</span> <span class='ocrx_word' id='word_1_164' title='bbox 313 2346 424 2412; x_wconf 87' lang='lat' dir='ltr'>tempus</span> <span class='ocrx_word' id='word_1_165' title='bbox 438 2335 559 2411; x_wconf 89' lang='lat' dir='ltr'>aliquod,</span> <span class='ocrx_word' id='word_1_166' title='bbox 580 2336 692 2393; x_wconf 89' lang='lat' dir='ltr'>nullum</span> <span class='ocrx_word' id='word_1_167' title='bbox 707 2354 771 2393; x_wconf 92' lang='lat' dir='ltr'>cum</span> <span class='ocrx_word' id='word_1_168' title='bbox 785 2345 896 2413; x_wconf 87' lang='lat' dir='ltr'>tempus</span> <span class='ocrx_word' id='word_1_169' title='bbox 917 2346 997 2395; x_wconf 82' lang='lat' dir='ltr'>esset.</span> 
     </span>
     <span class='ocr_line' id='line_1_25' title="bbox 171 2414 997 2493; baseline 0.004 -21"><span class='ocrx_word' id='word_1_170' title='bbox 171 2415 229 2474; x_wconf 89' lang='lat' dir='ltr'>Isto</span> <span class='ocrx_word' id='word_1_171' title='bbox 243 2416 329 2493; x_wconf 88' lang='lat' dir='ltr'>igitur</span> <span class='ocrx_word' id='word_1_172' title='bbox 342 2424 402 2471; x_wconf 87' lang='lat' dir='ltr'>tam</span> <span class='ocrx_word' id='word_1_173' title='bbox 422 2415 559 2473; x_wconf 90' lang='lat' dir='ltr'>immenso</span> <span class='ocrx_word' id='word_1_174' title='bbox 580 2414 668 2493; x_wconf 88' lang='lat' dir='ltr'>spatio</span> <span class='ocrx_word' id='word_1_175' title='bbox 699 2434 811 2491; x_wconf 89' lang='lat' dir='ltr'>quaero,</span> <span class='ocrx_word' id='word_1_176' title='bbox 832 2417 926 2485; x_wconf 87' lang='lat' dir='ltr'>Balbe,</span> <span class='ocrx_word' id='word_1_177' title='bbox 948 2436 997 2475; x_wconf 90' lang='lat' dir='ltr'>cur</span> 
     </span>
     <span class='ocr_line' id='line_1_26' title="bbox 170 2494 994 2573; baseline -0.001 -19"><span class='ocrx_word' id='word_1_178' title='bbox 170 2497 294 2554; x_wconf 86' lang='lat' dir='ltr'>Pronoea</span> <span class='ocrx_word' id='word_1_179' title='bbox 320 2502 413 2551; x_wconf 81' lang='lat' dir='ltr'>vestra</span> <span class='ocrx_word' id='word_1_180' title='bbox 439 2494 594 2552; x_wconf 88' lang='lat' dir='ltr'>cessaverit.</span> <span class='ocrx_word' id='word_1_181' title='bbox 646 2495 817 2552; x_wconf 90' lang='lat' dir='ltr'>Laboremne</span> <span class='ocrx_word' id='word_1_182' title='bbox 847 2495 994 2573; x_wconf 88' lang='lat' dir='ltr'>fugiebat?</span> 
     </span>
     <span class='ocr_line' id='line_1_27' title="bbox 170 2574 996 2651; baseline -0.001 -16"><span class='ocrx_word' id='word_1_183' title='bbox 170 2579 213 2635; x_wconf 84' lang='lat' dir='ltr'>At</span> <span class='ocrx_word' id='word_1_184' title='bbox 226 2575 279 2634; x_wconf 87' lang='lat' dir='ltr'>iste</span> <span class='ocrx_word' id='word_1_185' title='bbox 299 2594 350 2634; x_wconf 91' lang='lat' dir='ltr'>nec</span> <span class='ocrx_word' id='word_1_186' title='bbox 363 2574 478 2651; x_wconf 87' lang='lat' dir='ltr'>attingit</span> <span class='ocrx_word' id='word_1_187' title='bbox 491 2574 585 2644; x_wconf 90' lang='lat' dir='ltr'>deum,</span> <span class='ocrx_word' id='word_1_188' title='bbox 607 2594 657 2633; x_wconf 91' lang='lat' dir='ltr'>nec</span> <span class='ocrx_word' id='word_1_189' title='bbox 678 2584 737 2634; x_wconf 85' lang='lat' dir='ltr'>erat</span> <span class='ocrx_word' id='word_1_190' title='bbox 750 2575 835 2646; x_wconf 86' lang='lat' dir='ltr'>ullus,</span> <span class='ocrx_word' id='word_1_191' title='bbox 856 2596 921 2636; x_wconf 90' lang='lat' dir='ltr'>cum</span> <span class='ocrx_word' id='word_1_192' title='bbox 935 2598 996 2637; x_wconf 86' lang='lat' dir='ltr'>orn.</span> 
     </span>
     <span class='ocr_line' id='line_1_28' title="bbox 167 2656 991 2735; baseline 0.001 -18"><span class='ocrx_word' id='word_1_193' title='bbox 167 2677 218 2717; x_wconf 83' lang='lat' dir='ltr'>nea</span> <span class='ocrx_word' id='word_1_194' title='bbox 239 2666 355 2716; x_wconf 90' lang='lat' dir='ltr'>naturae</span> <span class='ocrx_word' id='word_1_195' title='bbox 375 2656 486 2714; x_wconf 88' lang='lat' dir='ltr'>numini</span> <span class='ocrx_word' id='word_1_196' title='bbox 506 2656 612 2726; x_wconf 87' lang='lat' dir='ltr'>divino,</span> <span class='ocrx_word' id='word_1_197' title='bbox 642 2658 759 2725; x_wconf 89' lang='lat' dir='ltr'>coelum,</span> <span class='ocrx_word' id='word_1_198' title='bbox 781 2657 867 2735; x_wconf 83' lang='lat' dir='ltr'>ignes,</span> <span class='ocrx_word' id='word_1_199' title='bbox 895 2668 991 2730; x_wconf 87' lang='lat' dir='ltr'>terrae,</span> 
     </span>
     <span class='ocr_line' id='line_1_29' title="bbox 166 2736 997 2819; baseline 0.002 -21"><span class='ocrx_word' id='word_1_200' title='bbox 166 2740 257 2799; x_wconf 88' lang='lat' dir='ltr'>maria</span> <span class='ocrx_word' id='word_1_201' title='bbox 269 2746 405 2816; x_wconf 89' lang='lat' dir='ltr'>parerent.</span> <span class='ocrx_word' id='word_1_202' title='bbox 447 2736 523 2802; x_wconf 83' lang='lat' dir='ltr'>Quid</span> <span class='ocrx_word' id='word_1_203' title='bbox 535 2748 630 2797; x_wconf 88' lang='lat' dir='ltr'>autem</span> <span class='ocrx_word' id='word_1_204' title='bbox 646 2748 714 2808; x_wconf 89' lang='lat' dir='ltr'>erat,</span> <span class='ocrx_word' id='word_1_205' title='bbox 735 2739 809 2815; x_wconf 90' lang='lat' dir='ltr'>quod</span> <span class='ocrx_word' id='word_1_206' title='bbox 823 2742 997 2819; x_wconf 84' lang='lat' dir='ltr'>concupisce-</span> 
     </span>
     <span class='ocr_line' id='line_1_30' title="bbox 167 2817 995 2898; baseline -0.001 -19"><span class='ocrx_word' id='word_1_207' title='bbox 167 2830 211 2879; x_wconf 86' lang='lat' dir='ltr'>ret</span> <span class='ocrx_word' id='word_1_208' title='bbox 223 2820 292 2879; x_wconf 87' lang='lat' dir='ltr'>deus</span> <span class='ocrx_word' id='word_1_209' title='bbox 302 2817 441 2877; x_wconf 90' lang='lat' dir='ltr'>mundum</span> <span class='ocrx_word' id='word_1_210' title='bbox 456 2819 540 2896; x_wconf 88' lang='lat' dir='ltr'>signis</span> <span class='ocrx_word' id='word_1_211' title='bbox 553 2830 582 2878; x_wconf 92' lang='lat' dir='ltr'>et</span> <span class='ocrx_word' id='word_1_212' title='bbox 592 2820 757 2889; x_wconf 89' lang='lat' dir='ltr'>luminibus,</span> <span class='ocrx_word' id='word_1_213' title='bbox 771 2830 906 2898; x_wconf 84' lang='lat' dir='ltr'>tanquam</span> <span class='ocrx_word' id='word_1_214' title='bbox 917 2822 995 2881; x_wconf 89' lang='lat' dir='ltr'>aedi.</span> 
     </span>
     <span class='ocr_line' id='line_1_31' title="bbox 166 2900 995 2979; baseline -0.006 -18"><span class='ocrx_word' id='word_1_215' title='bbox 166 2901 211 2971; x_wconf 92' lang='lat' dir='ltr'>lis,</span> <span class='ocrx_word' id='word_1_216' title='bbox 234 2902 352 2960; x_wconf 84' lang='lat' dir='ltr'>ornare?</span> <span class='ocrx_word' id='word_1_217' title='bbox 396 2900 426 2957; x_wconf 82' lang='lat' dir='ltr'>Si</span> <span class='ocrx_word' id='word_1_218' title='bbox 442 2910 474 2959; x_wconf 92' lang='lat' dir='ltr'>ut</span> <span class='ocrx_word' id='word_1_219' title='bbox 488 2900 556 2959; x_wconf 85' lang='lat' dir='ltr'>deus</span> <span class='ocrx_word' id='word_1_220' title='bbox 569 2902 628 2979; x_wconf 90' lang='lat' dir='ltr'>ipsa</span> <span class='ocrx_word' id='word_1_221' title='bbox 648 2900 748 2960; x_wconf 90' lang='lat' dir='ltr'>melius</span> <span class='ocrx_word' id='word_1_222' title='bbox 762 2901 917 2961; x_wconf 85' lang='lat' dir='ltr'>habitaret:</span> <span class='ocrx_word' id='word_1_223' title='bbox 942 2923 995 2961; x_wconf 85' lang='lat' dir='ltr'>an.</span> 
     </span>
     <span class='ocr_line' id='line_1_32' title="bbox 162 2980 994 3060; baseline -0.001 -19"><span class='ocrx_word' id='word_1_224' title='bbox 162 2993 213 3041; x_wconf 78' lang='lat' dir='ltr'>tea</span> <span class='ocrx_word' id='word_1_225' title='bbox 227 2980 356 3040; x_wconf 79' lang='lat' dir='ltr'>videlicet</span> <span class='ocrx_word' id='word_1_226' title='bbox 368 2990 491 3059; x_wconf 91' lang='lat' dir='ltr'>tempore</span> <span class='ocrx_word' id='word_1_227' title='bbox 505 2982 615 3040; x_wconf 89' lang='lat' dir='ltr'>infinito</span> <span class='ocrx_word' id='word_1_228' title='bbox 626 2982 798 3051; x_wconf 84' lang='lat' dir='ltr'>intenebris,</span> <span class='ocrx_word' id='word_1_229' title='bbox 814 2992 948 3060; x_wconf 85' lang='lat' dir='ltr'>tanquam</span> <span class='ocrx_word' id='word_1_230' title='bbox 962 2983 994 3040; x_wconf 89' lang='lat' dir='ltr'>in</span> 
     </span>
     <span class='ocr_line' id='line_1_33' title="bbox 124 3062 1002 3143; baseline -0.006 -21"><span class='ocrx_word' id='word_1_231' title='bbox 124 3123 127 3128; x_wconf 83' lang='grc'>,</span> <span class='ocrx_word' id='word_1_232' title='bbox 168 3064 320 3141; x_wconf 87' lang='lat' dir='ltr'>gurgustio,</span> <span class='ocrx_word' id='word_1_233' title='bbox 335 3062 517 3121; x_wconf 83' lang='lat' dir='ltr'>habitaverat.</span> <span class='ocrx_word' id='word_1_234' title='bbox 561 3064 626 3121; x_wconf 90' lang='lat' dir='ltr'>Post</span> <span class='ocrx_word' id='word_1_235' title='bbox 639 3072 735 3122; x_wconf 90' lang='lat' dir='ltr'>autem</span> <span class='ocrx_word' id='word_1_236' title='bbox 745 3063 917 3122; x_wconf 77' lang='lat' dir='ltr'>varietatene</span> <span class='ocrx_word' id='word_1_237' title='bbox 927 3082 1002 3143; x_wconf 58' lang='lat' dir='ltr'>eura</span> 
     </span>
     <span class='ocr_line' id='line_1_34' title="bbox 162 3144 1029 3222; baseline -0.007 -20"><span class='ocrx_word' id='word_1_238' title='bbox 162 3144 296 3202; x_wconf 83' lang='lat' dir='ltr'>delectari</span> <span class='ocrx_word' id='word_1_239' title='bbox 304 3152 447 3222; x_wconf 86' lang='lat' dir='ltr'>putamus,</span> <span class='ocrx_word' id='word_1_240' title='bbox 456 3164 513 3222; x_wconf 92' lang='lat' dir='ltr'>qua</span> <span class='ocrx_word' id='word_1_241' title='bbox 523 3144 645 3215; x_wconf 89' lang='lat' dir='ltr'>coelum,</span> <span class='ocrx_word' id='word_1_242' title='bbox 656 3146 1029 3211; x_wconf 60' lang='lat' dir='ltr'>atterramomaaasx-</span> 
     </span>
     <span class='ocr_line' id='line_1_35' title="bbox 144 3206 1054 3308; baseline -0.021 -26"><span class='ocrx_word' id='word_1_243' title='bbox 144 3224 285 3282; x_wconf 77' lang='lat' dir='ltr'>demus?</span> <span class='ocrx_word' id='word_1_244' title='bbox 322 3222 402 3292; x_wconf 89' lang='lat' dir='ltr'>Quae</span> <span class='ocrx_word' id='word_1_245' title='bbox 411 3225 468 3286; x_wconf 83' lang='lat' dir='ltr'>ista</span> <span class='ocrx_word' id='word_1_246' title='bbox 478 3237 650 3308; x_wconf 83' lang='lat' dir='ltr'>potestesse</span> <span class='ocrx_word' id='word_1_247' title='bbox 663 3222 827 3288; x_wconf 66' lang='lat' dir='ltr'>oblectans</span> <span class='ocrx_word' id='word_1_248' title='bbox 842 3216 921 3273; x_wconf 67' lang='lat' dir='ltr'>neor</span> <span class='ocrx_word' id='word_1_249' title='bbox 958 3206 1054 3266; x_wconf 61' lang='lat' dir='ltr'>Quae</span> 
     </span>
    </p>
   </div>
   <div class='ocr_carea' id='block_1_4' title="bbox 148 3302 894 3390">
    <p class='ocr_par' dir='ltr' id='par_1_4' title="bbox 148 3302 894 3390">
     <span class='ocr_line' id='line_1_36' title="bbox 148 3302 894 3390; baseline 0.007 -28"><span class='ocrx_word' id='word_1_250' title='bbox 148 3302 177 3359; x_wconf 75' lang='grc' dir='ltr'>εἰ</span> <span class='ocrx_word' id='word_1_251' title='bbox 186 3313 267 3373; x_wconf 83' lang='lat' dir='ltr'>esset,</span> <span class='ocrx_word' id='word_1_252' title='bbox 289 3326 346 3367; x_wconf 92' lang='lat' dir='ltr'>non</span> <span class='ocrx_word' id='word_1_253' title='bbox 364 3328 404 3375; x_wconf 85' lang='lat' dir='ltr'>ea</span> <span class='ocrx_word' id='word_1_254' title='bbox 414 3311 538 3374; x_wconf 87' lang='lat' dir='ltr'>tamdiu</span> <span class='ocrx_word' id='word_1_255' title='bbox 554 3332 658 3373; x_wconf 82' lang='lat' dir='ltr'>carere</span> <span class='ocrx_word' id='word_1_256' title='bbox 669 3307 839 3390; x_wconf 60' lang='lat' dir='ltr'>potuisset:</span> <span class='ocrx_word' id='word_1_257' title='bbox 887 3348 894 3355; x_wconf 90' lang='lat'>-</span> 
     </span>
    </p>
   </div>
   <div class='ocr_carea' id='block_1_5' title="bbox 0 0 1188 3817">
    <p class='ocr_par' dir='ltr' id='par_1_5' title="bbox 0 0 1188 3817">
     <span class='ocr_line' id='line_1_37' title="bbox 0 0 1188 3817; baseline 0 3"><span class='ocrx_word' id='word_1_258' title='bbox 0 0 1188 3817; x_wconf 95' lang='lat' dir='ltr'> </span> 
     </span>
    </p>
   </div>
  </div>
 </body>
</html>
