2367 3817
162 465 226 519 cn».
240 471 282 516 ⁴20.
367 468 415 515 Du
435 467 593 517 NATURA
613 465 781 515 DEORUM.
945 462 989 509 ,23

161 601 261 647 nerum
274 580 413 658 ponimus.
457 580 558 639 Docuit
569 580 645 639 enim
654 600 702 637 nos
713 579 797 647 idem,
809 576 859 654 qui
869 585 983 643 caetera,

161 672 262 720 natura
275 662 403 719 effectum
419 681 476 719 esse
490 660 646 721 mundum:
671 660 742 717 nihil
756 679 824 736 opus
841 657 923 715 luisse
944 656 985 713 fa·

161 743 236 801 bn‘ca
247 764 256 811 3
278 753 392 818 tamque
405 762 469 800 earn
482 762 540 799 rern
555 761 612 799 esse
626 741 743 809 facilem,
759 759 844 815 quarn
855 758 903 795 vos
914 735 986 794 effici

159 824 268 900 negatis
281 824 340 881 sine
361 822 457 880 divina
477 843 553 900 posse
575 822 694 890 solertia,
716 830 749 879 ut
772 818 988 895 innumerabiles

160 913 262 963 natura
276 903 395 961 mundos
407 902 538 961 effectura
551 903 597 970 sit,
612 902 724 970 efficiat,
738 900 864 958 effecerit.
884 943 889 975 3
907 896 988 964 Quod

161 984 229 1060 quia
242 983 479 1060 quemadmodum
492 993 594 1041 natura
607 983 712 1040 efficere
727 980 784 1038 sine
793 980 886 1055 aliqua
894 987 988 1036 ments

162 1064 258 1141 possit,
272 1084 328 1121 non
343 1064 462 1121 videtis:
483 1073 516 1122 ut
530 1063 626 1141 tragici
640 1066 747 1140 poetae,
769 1081 833 1134 curn
853 1060 988 1136 explicaro

162 1145 320 1221 argumenti
335 1145 443 1202 exitum
457 1165 512 1202 non
533 1143 656 1221 potestis,
678 1142 824 1220 confugitis
837 1141 872 1199 ad
894 1140 987 1197 deum.

164 1225 252 1302 Cujus
266 1243 376 1302 operam
389 1226 508 1302 pmleoto
527 1246 582 1283 non
598 1223 799 1297 desideraretis,
823 1223 845 1281 si
858 1223 988 1297 ¹immen-

162 1325 222 1364 sam
236 1316 265 1363 et
279 1306 489 1365 interminatam
503 1306 533 1365 in
547 1325 642 1364 omnes
655 1315 746 1383 partes
764 1302 988 1381 magnitudinem

163 1385 306 1463 regionum
321 1387 467 1445 videretis:
489 1388 518 1445 in
536 1406 621 1463 quarn
637 1406 665 1444 ss
685 1385 810 1462 injiciens
830 1383 941 1442 animus
961 1389 991 1451 et

163 1467 319 1537 intendens,
341 1468 381 1525 ita
394 1468 450 1526 late
463 1468 598 1544 longeque
611 1466 809 1543 peregrinatur,
831 1474 864 1522 ut
884 1463 992 1521 nullam

160 1558 258 1608 ‚tamen
273 1568 350 1605 oram
374 1548 470 1606 ultimi
492 1549 595 1616 videat,
618 1547 648 1603 in
670 1564 728 1621 quaj
747 1545 832 1621 possit
856 1544 989 1604 insistere.

159 1628 200 1684 ln
224 1628 276 1685 hac
300 1630 386 1704 igitur
409 1628 598 1686 immensitate
619 1625 812 1693 latitudinum,
837 1622 989 1701 longitudi.

159 1726 247 1775 num,
260 1708 455 1777 altitudinum,
470 1708 581 1777 infinita
594 1707 636 1764 vis
659 1705 904 1764 innumerabilium
920 1704 989 1762 voli·

166 1797 208 1846 tat
222 1796 398 1847 atomorum:
424 1809 504 1866 quae,
525 1788 668 1865 interjecto
689 1786 775 1855 inani,
797 1787 990 1845 cohaerescunt

160 1871 259 1925 tamen
274 1869 347 1927 inter
359 1889 397 1939 se,
422 1880 450 1928 et
464 1870 533 1928 aliae
553 1869 624 1927 alias
643 1867 883 1945 apprehendentes
901 1865 991 1925 conti-

164 1959 308 2007 nuantur:
329 1971 364 2007 ex
378 1971 432 2027 quo
446 1952 606 2009 efficiuntur
619 1951 671 2008 hae
686 1968 729 2024 ror
790 1950 805 2006 f
860 1969 892 2007 ae
906 1956 998 2024 atque*
1020 1999 1027 2012 ,

161 2029 277 2106 figurae,
292 2052 361 2107 quas
375 2052 424 2090 vos
437 2032 509 2090 effici
523 2051 600 2110 posse
614 2031 672 2089 sine
685 1970 991 2088 foffiigel'lncudibus
1005 2011 1033 2064 'l‘

164 2130 220 2168 non
235 2113 349 2187 putatis.
392 2114 491 2188 ltaque
505 2112 675 2189 imposuistis
689 2110 717 2167 in
730 2110 880 2168 cervicibus
890 2106 991 2166 nostris

160 2192 365 2269 sempiternum
379 2194 535 2262 dominum,
551 2212 634 2268 quern
650 2192 708 2249 dies
721 2202 750 2248 et
763 2201 856 2249 noctes
879 2189 990 2247 timere-

164 2291 238 2329 mus.
279 2273 349 2340 Quis
363 2274 437 2332 enirn
452 2294 507 2332 non
521 2274 621 2331 timeat
635 2271 729 2330 omnia
741 2271 942 2349 providentem,
964 2277 994 2327 et

166 2353 342 2429 cogitantem,
358 2364 386 2412 et
400 2354 680 2421 animadvertentem,
694 2360 723 2409 et
737 2353 831 2411 omnia
843 2352 879 2410 ad
889 2371 918 2409 se
928 2369 993 2428 per-

166 2432 423 2510 tinereputantem,
430 2434 581 2500 ¹curiosum,
592 2441 621 2494 et
631 2432 746 2509 plenum
756 2432 858 2509 negotii
867 2432 973 2489 deum?

164 2564 166 2569 .
209 2512 377 2577 Hinc-vobis
390 2513 486 2570 existit
506 2513 630 2589 primum
652 2511 700 2568 illa
722 2509 814 2570 fatalis
837 2512 993 2580 necessitas,

165 2612 252 2668 quarn
265 2591 447 2666 Εἱμαρμένην
457 2592 568 2661 dicitis3
589 2601 632 2661 ut,
644 2590 780 2667 quidquid
791 2592 905 2660 accidat,
917 2590 992 2652 idox

167 2682 279 2732 aeterna
292 2674 419 2742 veritate,
434 2692 635 2749 causarumque
656 2672 862 2733 continuatione
881 2674 994 2733 fluxisse

160 2753 271 2813 dicatis.
314 2755 420 2822 Quanti
434 2765 529 2813 autem
544 2755 612 2812 haec
630 2753 803 2833 philosophia
822 2754 995 2814 aestimanda

166 2843 218 2902 est,
234 2836 288 2902 cui,
303 2845 438 2911 tanquam
449 2835 576 2904 aniculis,
589 2844 617 2894 et
629 2834 662 2892 iis
671 2833 784 2912 quidem
796 2835 922 2905 indoctis,
937 2837 994 2895 fato

167 2914 226 2973 fieri
256 2916 411 2993 videantur·
430 2916 547 2975 omnia?
590 2915 724 2992 Sequitur
747 2915 866 2992 μαντική
892 2925 993 2982 vestra,

167 3014 239 3071 quae
254 2997 354 3055 Latino
374 2996 510 3056 divinatio
530 2996 652 3055 dicitur:
676 3016 732 3072 qua
753 3005 833 3055 tanta
855 2996 996 3064 imbuere,-

166 3096 231 3135 mur
245 3077 446 3155 superstitione,
462 3078 485 3135 si
500 3097 548 3135 vos
561 3077 657 3135 audire
672 3077 816 3144 vellemus,
841 3084 874 3133 ut
894 3075 993 3156 harmg

166 3157 248 3233 pices,
276 3177 403 3235 augures,
429 3157 540 3228 harioli,
561 3166 656 3227 rates,
679 3166 711 3215 et
733 3157 909 3229 comestores
929 3149 1023 3197 usos

158 3248 252 3307 essent
265 3239 383 3300 colendi.
831 3300 839 3313 .
888 3251 1033 3343 ΝΜ

145 3375 162 3395 ,Ν
194 3318 252 3379 ns
268 3326 429 3416 tenoribus
443 3327 482 3388 aa
496 3315 763 3412 spumosas&
781 3316 817 3364 ὓ
835 3316 876 3353 ⁸¹⁸
908 3307 948 3354 ⁸·
