2367 3817
181 452 348 519 css-mne.
392 456 445 515 uu
461 455 614 516 umbus
633 457 800 516 »bouum
978 467 1010 522 cs

180 576 334 636 offensionis
346 585 448 655 potat,
458 576 536 636 mihil
549 575 669 636 incisum
682 575 800 653 augulis,
815 574 887 636 nihil
900 576 1006 636 enfiucss

180 658 266 730 tibus,
273 658 345 717 nihil
359 658 493 732 eminens,
506 656 579 715 nihil
592 657 772 715 iscunosom?
796 656 925 735 Cumque
934 657 1006 717 duee

179 736 282 798 ferinae
293 738 466 817 praestantes
478 737 544 806 sint,
564 748 601 795 ex
614 733 718 806 solidis,
732 736 837 813 globus,
859 738 914 811 (sis
927 738 1008 796 enim.

180 811 309 889 Σθαΐρὰν
323 817 498 896 interpretari
529 817 628 892 lecet)
642 816 780 893 explosis
793 826 899 887 sutem,
914 819 1008 877 circu-

178 899 232 967 lus,
243 908 294 958 aut
304 899 386 967 orbis,
399 897 464 975 (qui
475 897 697 955 KvxbosGusece
707 896 826 967 dicitur3
841 898 885 956 his
893 898 1003 958 ductus

176 979 276 1038 formis
298 979 434 1056 contingit
454 975 527 1046 solis,
548 988 582 1036 ut
603 994 699 1036 omnes
718 995 816 1036 earum
835 988 927 1055 pestes
946 980 1003 1039 sim

178 1060 251 1117 inter
265 1058 475 1127 sesimillimos,
496 1078 514 1116 a
527 1057 675 1133 medioque
689 1066 802 1117 tentum
823 1058 896 1117 obsit
908 1069 1004 1118 cistre-

177 1159 269 1206 mum,
290 1147 430 1217 quantum
444 1138 519 1197 idem
532 1158 550 1196 e
563 1157 674 1197 summo
687 1157 697 1207 3
723 1157 781 1215 quo
794 1138 865 1196 nihil
878 1139 938 1197 fieri
951 1160 1002 1218 po.

177 1229 232 1279 test
244 1219 345 1298 aptius.
387 1218 443 1279 Sed
456 1219 479 1277 si
492 1220 560 1278 hsoc
574 1237 630 1277 non
640 1218 754 1289 uidetis,
776 1219 842 1298 quia
854 1240 1002 1297 nunquam

177 1301 318 1362 eruditum
333 1300 571 1379 illumpulverem
589 1300 743 1379 attigistis3
764 1319 800 1358 ne
813 1301 864 1358 hoc
884 1302 1000 1378 quidem

175 1382 283 1460 physici
291 1382 443 1460 intelligere
453 1381 592 1458 potuistis,
607 1380 679 1439 hanc
687 1380 886 1457 aequalitatem
899 1393 1003 1453 motus,

176 1462 414 1539 constantiamque
422 1461 558 1532 culinum
571 1461 603 1518 in
622 1462 679 1519 siis
697 1460 786 1539 figura
804 1479 861 1519 non
882 1463 1004 1538 potuisse

175 1544 300 1602 servasi?
346 1543 446 1618 itaque
464 1541 537 1602 nihil
557 1549 723 1617 potestesse
743 1539 891 1609 indoctius,
919 1562 1004 1619 quem

176 1623 250 1699 quod
261 1642 281 1680 a
295 1622 372 1681 vobis
385 1620 518 1680 effimmri
531 1621 609 1679 solet.
652 1619 714 1677 Nec
727 1620 804 1677 euim
818 1621 893 1679 huuc
910 1622 1005 1699 ipsum·

176 1702 316 1761 mundum
330 1721 378 1779 pm
392 1709 466 1759 certo
478 1699 633 1759 mtundum
647 1699 825 1758 essedicitisz
846 1720 914 1760 nem
927 1722 1004 1779 posse

176 1782 246 1852 fieri,
269 1791 301 1841 ut
316 1782 352 1841 sit
372 1782 428 1841 elis
446 1779 536 1859 figure
545 1801 554 1849 ;
583 1780 854 1857 innumerabilesque
873 1783 1004 1851 mundos,

175 1863 242 1922 alios
253 1864 372 1922 aliarum
387 1882 446 1921 esse
459 1861 619 1920 formarum.
661 1860 748 1931 Quae,
763 1861 787 1919 si
800 1862 843 1922 bis
856 1863 922 1923 bine
935 1876 1005 1942 quot

175 1954 276 2014 essent,
296 1944 436 2002 didicisset
451 1942 598 2021 Epicurus,
619 1952 693 2001 corte
712 1962 769 2001 non
782 1942 892 2004 diceret.
935 1947 1002 2015 Sed,

175 2025 244 2085 dum
257 2026 358 2103 palato,
373 2023 441 2102 quid
454 2024 492 2081 sit
505 2024 655 2101 optimum,
665 2023 784 2101 judicet,
799 2024 1002 2103 ecelipalutum

176 2103 224 2178 (ut
238 2107 278 2165 ait
294 2106 418 2183 Ennius)
433 2123 489 2163 uon
503 2103 637 2182 suspexit.

215 2186 300 2246 XIX.
324 2186 412 2255 Nam,
424 2204 490 2244 cum
499 2184 555 2244 duo
566 2184 727 2261 sintgenesc
735 2183 867 2256 siderum,
882 2206 1001 2263 quorum

173 2266 303 2335 aiterum,
326 2266 421 2345 spatiis
434 2265 660 2328 immutabilibus
679 2267 715 2324 sb
735 2266 856 2325 ortuad
876 2286 1002 2328 occasum

174 2358 341 2415 commeans,
362 2346 474 2405 nullum
484 2364 610 2422 unquam
624 2364 720 2403 cussus
732 2346 776 2404 sui
791 2347 940 2425 vestigium
958 2348 1003 2405 in.

173 2428 288 2496 flectat3
314 2428 434 2486 olter'um
447 2433 544 2483 eutem
558 2425 704 2483 continuas
725 2427 913 2486 conversiones
932 2427 1002 2486 duas

173 2507 273 2565 iisdem
284 2506 379 2584 spatiis
390 2505 574 2580 cursibusque·
583 2504 729 2574 confieiat;
751 2525 787 2562 ex
800 2514 918 2583 utroque
931 2528 960 2565 re
973 2521 1002 2567 et

173 2587 274 2647 mundi
290 2586 458 2656 volubilitas,
482 2584 577 2663 (quse,
598 2584 653 2643 nisi
667 2584 697 2642 in
711 2585 821 2663 globosa
833 2586 930 2658 forms,
945 2609 1002 2649 esse

173 2688 228 2729 non
243 2670 359 2747 posset)
375 2676 402 2726 et
417 2667 560 2726 stellarum
574 2665 686 2726 rotundi
700 2667 824 2726 ambitus
835 2687 1000 2747 cognoscum.

173 2760 241 2809 tur:
264 2751 425 2827 primusque
439 2749 488 2816 sol,
508 2749 557 2824 qui
578 2756 716 2807 astrorum
736 2748 843 2809 obtinet
862 2750 1001 2831 plincipa.

173 2840 246 2899 tum,
267 2831 308 2888 ite
322 2839 461 2898 movetur,
476 2839 519 2898 ut,
534 2849 598 2887 cum
613 2839 698 2888 terras
711 2830 787 2907 larga
803 2831 865 2891 luce
879 2836 999 2912 comple.

173 2910 253 2979 verit,
276 2910 384 2968 eosdem
399 2910 481 2967 modo
495 2910 547 2978 his,
569 2910 652 2967 modo
665 2910 720 2969 illis
734 2931 769 2969 ex
782 2912 917 2989 pertibus,
934 2935 1000 2991 opa-

172 3002 224 3050 cet.
268 2990 332 3068 Ipsa
346 2990 421 3048 enim
436 2992 537 3049 umbre
550 2999 647 3060 tenue,
669 2991 720 3049 soli
733 2992 863 3061 officiens,
888 3006 998 3053 noctem

171 3071 275 3130 efficit:
297 3079 496 3131 nocturnorum
509 3080 606 3130 autem
621 3071 773 3149 spatiorum
788 3074 884 3132 eedem
899 3083 940 3130 est
954 3093 1001 3131 ae*

174 3152 333 3228 quabilites,
355 3173 426 3229 quae
439 3152 622 3219 diurnorum
652 3151 835 3231 ejusdemque
852 3152 921 3208 sciis
937 3162 1011 3234 tum

167 3252 289 3291 accessus
307 3233 421 3305 modici,
444 3242 509 3294 tum
529 3253 670 3305 recessus,
696 3243 729 3293 ot
743 3231 861 3308 iuuetis
880 3236 914 3279 et
931 3226 1039 3278 cubum

155 3311 274 3373 modum
288 3323 461 3395 cempemnt
501 3316 658 3381 Circuitus
667 3309 841 3379 emmeob‘m
848 3292 1006 3366 omum*
1029 3308 1041 3338 ⁸
