2367 3817
178 450 244 499 Car·
256 450 350 510 at,525.
414 449 464 499 DE
482 450 634 501 NATURA
652 451 819 501 DEORUM·
958 454 1005 512 1³⁵7

177 562 390 640 nuit,‚autquia
400 563 541 621 minatur:
558 564 666 630 Venus,
681 563 747 639 quia
758 563 835 621 venit
845 562 882 621 ad
892 564 1005 623 onmia>

178 645 269 712 Ceres,
291 665 308 702 a
322 643 450 721 gerendo.
492 644 583 710 Quam
599 644 749 721 periculosa
764 644 950 704 consuetudo!
975 646 1005 702 irr

177 725 276 783 multis
290 726 365 786 enim
381 724 541 783 nominibus
554 724 710 784 haerebitis.
752 724 827 790 Quid
849 725 950 802 Vejovi
965 726 1004 785 sa·

177 807 253 864 cies?
269 807 338 883 quid
348 806 492 864 Vulcano?
509 826 681 882 quanquam,
693 805 824 880 quoniam
835 805 1005 883 Neptunum

176 908 194 945 a
208 888 299 946 nando
311 887 482 964 appellatum
497 900 589 965 putas,
604 887 715 945 nullum
731 886 784 943 erit
797 905 908 953 nomen,
931 886 1007 963 quod

177 987 232 1026 non
246 969 331 1046 possis
347 988 403 1025 una
415 968 496 1026 litera
509 968 655 1045 explicare,
670 966 744 1023 unde
758 966 874 1024 ductum
886 968 931 1025 sit.
949 1005 951 1010 »
970 969 1004 1024 ln

176 1062 231 1121 quo
245 1049 358 1126 quidem
368 1049 457 1125 magis
471 1057 504 1106 tu
517 1048 588 1105 mihi
600 1056 697 1105 natare
710 1046 784 1104 visus
798 1066 835 1114 ee,
851 1067 935 1125 quam
948 1048 1005 1125 ipsc

178 1128 338 1223 Neptunus
382 1130 514 1206 Magnam
530 1128 685 1186 molestiam
700 1128 828 1206 suscepit,
846 1128 1005 1186 etminime

175 1211 364 1279 necessariam,
386 1211 496 1287 primus
517 1211 603 1276 Zeno,
638 1218 705 1286 post
688 1208 877 1277 tCl,cantbes
906 1209 1006 1268 deinde

177 1291 357 1374 Chrysippus,
386 1290 642 1349 commentitiorum
664 1289 820 1347 fabularum
834 1290 946 1348 reddere
959 1310 1004 1348 ra-

176 1372 298 1431 tionem:
322 1372 526 1441 vocabulorum,
549 1391 599 1429 cur
612 1371 716 1447 quique
731 1370 771 1427 ita
784 1371 914 1446 appellati
936 1371 1003 1440 sint,

176 1473 271 1510 causas
291 1453 435 1529 explicare
477 1452 558 1518 Quod
579 1472 644 1509 eum
665 1452 738 1508 facit
719 1460 765 1519 t,1s
794 1451 864 1507 illud
885 1451 1006 1528 prtoofec

176 1532 357 1597 confitemini,
378 1533 457 1610 longe
471 1533 551 1591 aliter
567 1550 626 1590 rem
642 1552 670 1590 se
683 1532 793 1598 habere
814 1541 899 1606 atquc
913 1531 1005 1589 homi-

176 1632 245 1669 num
258 1612 349 1688 opinio
364 1614 419 1671 sit:
441 1634 485 1670 eos
496 1617 581 1680 enim,
596 1634 644 1690 qur
637 1612 698 1670 dii
713 1612 852 1691 appellant
854 1633 896 1681 ur,
911 1633 1004 1670 rerum

176 1703 291 1750 naturas
305 1712 372 1760 esse,
395 1714 451 1751 non
465 1694 566 1771 figuras
580 1694 704 1751 deorum.

217 1774 317 1831 XXV.
340 1774 395 1841 Qur
410 1783 507 1832 tantus
521 1795 594 1832 error
607 1776 725 1843 surt
693 1783 725 1833 ut
746 1794 902 1852 pemrcrosrs
916 1774 1004 1832 etrum

174 1855 257 1912 rebus
270 1874 325 1912 non
335 1856 417 1913 modo
427 1875 528 1913 nomen
538 1855 651 1913 deorum
664 1856 840 1924 tribueretur,
856 1855 903 1913 sed
918 1856 1003 1913 etiam

175 1955 250 1994 sacra
265 1938 506 1995 constituerentur.
548 1937 645 1994 Febris
663 1937 737 1994 enim
760 1936 856 1995 sanum
871 1936 900 1993 in
923 1937 1004 1995 Pala.

175 2017 223 2087 tio,
252 2026 280 2075 et
301 2018 427 2075 Orbonae
446 2017 484 2075 ad
503 2017 600 2075 aedem
624 2018 737 2085 Larum,
767 2026 794 2075 et
815 2038 891 2075 aram
914 2018 1003 2075 malae

175 2097 316 2157 Fortunae
344 2099 477 2175 Esquiliis
505 2108 690 2156 consecratam
719 2097 861 2156 'videmus
904 2098 1004 2157 Omnis

173 2178 259 2253 igitur
272 2179 335 2237 tulis
349 2201 366 2239 a
379 2180 552 2258 philosophia
571 2179 691 2256 pellatur
704 2198 786 2246 error,
817 2191 858 2246 ut,
890 2198 954 2236 cum
970 2178 1006 2235 de

173 2258 226 2319 diis
250 2260 455 2319 immortalibus
483 2260 668 2336 disputemus,
699 2259 823 2317 dicamus
846 2260 930 2336 digna
949 2259 1003 2322 diis

173 2340 398 2400 immortalibus·
420 2341 455 2399 de
469 2342 570 2417 quibus
584 2341 692 2399 habeo'
686 2360 752 2432 lpse,
774 2341 848 2416 quod
863 2350 923 2398 sent
925 2340 1004 2408 iam;

172 2440 228 2478 non
249 2422 400 2479 habeot
351 2432 400 2479 aut
402 2442 456 2489 ern,
487 2422 561 2497 quod
582 2421 633 2479 tibi
648 2422 789 2478 assentiar
833 2385 1004 2514 Neptununi

172 2520 230 2559 esse
245 2502 323 2569 dicis,
345 2502 472 2561 animum
489 2523 553 2560 cum
568 2502 597 2559 in
600 2501 779 2578 telligentia
765 2522 814 2578 per
827 2522 903 2559 mare
917 2502 1002 2580 perti·

172 2591 298 2640 nentem:
315 2583 389 2641 idem
401 2582 436 2642 de
448 2584 553 2641 Cerere.
586 2582 1004 2659 lstarnautemintelligentiam

172 2672 222 2720 aut
235 2664 320 2721 maris
341 2673 392 2722 aut
413 2673 501 2722 terrae
521 2684 576 2721 non
598 2663 681 2721 modo
702 2663 930 2741 comprehendere
943 2665 1005 2721 or'ri-

172 2762 228 2810 mo,
250 2745 295 2801 sed
310 2766 345 2802 ne
359 2746 512 2823 suspicione
523 2745 636 2840 quidem
651 2763 763 2822 possum
779 2753 821 2802 att
823 2744 923 2822 ingere.
948 2746 1006 2804 lta·

171 2841 226 2898 que
239 2825 351 2882 aliunde
365 2825 435 2883 mihi
450 2819 638 2903 quaerendum
654 2833 704 2895 est,
726 2834 759 2883 ut
773 2835 801 2883 et
815 2846 872 2883 esse
883 2824 1006 2895 deos,t
978 2837 1006 2883 ot

172 2904 266 2979 quales
291 2906 346 2964 sint
360 2906 409 2974 dii,
430 2907 532 2965 discere
550 2906 664 2985 possim,
687 2909 771 2982 quam
793 2906 919 2982 qualest
922 2926 945 2965 u
961 2926 1007 2963 eos

172 3004 230 3042 esse
243 2987 295 3043 vis.

214 3065 421 3136 Videamusea,
432 3088 503 3145 quae
515 3076 684 3147 sequuntur·
705 3067 839 3145 primum,
856 3066 1007 3123 deorumne

172 3148 346 3222 providentia
357 3150 480 3207 mundus
492 3161 620 3227 regatur:
644 3149 755 3217 deinde,
769 3147 949 3207 consulantne
962 3166 1007 3202 re.

170 3228 222 3283 bus
233 3229 375 3288 humanis.
413 3231 493 3293 Haec
507 3232 589 3293 enim
603 3231 681 3292 rrirlir
695 3252 735 3292 es
746 3236 810 3289 tus.
816 3223 977 3306 pambo-se
983 3238 1034 3277 m

156 3312 235 3365 stant
248 3307 325 3369 duo:
346 3311 386 3395 de
397 3314 542 3394 quibus
520 3337 550 3377 sr
561 3315 649 3383 rubis
660 3296 983 3382 uidetxusbbbmm
996 3289 1053 3340 ᾖ
