2367 3817
329 273 397 309 uam
416 272 480 311 sous
509 273 616 312 annuos
635 272 730 312 cursus
757 268 854 331 sparus
874 273 940 313 msu

289 332 482 407 consequitur:
522 334 602 413 cujus
622 333 818 392 tenuissimum
831 334 927 394 lumen
940 387 941 390 ,

287 432 351 471 mus
363 431 486 471 secessus
499 412 535 472 sd
549 413 645 481 solem,
669 414 805 492 digressus
817 424 913 474 autem
936 416 941 474 i

286 491 403 571 quisque
416 493 619 572 plenissimum.
663 494 765 572 Neque
778 496 869 554 solum
890 496 942 576 ejur

286 572 375 634 forms
383 584 520 644 mutatur,
534 584 598 634 tum
607 575 759 644 crescendo,
774 584 838 636 tum
846 576 942 635 defecti

288 655 329 714 tia
338 656 509 725 recurrendo,
533 656 581 715 sed
595 656 681 716 stiam
694 657 778 734 regio,
792 675 863 733 quas
876 665 940 716 tum

286 736 371 805 nuris,
393 746 456 795 tum
470 737 607 797 australis.
650 738 684 795 In
705 737 788 795 lunas
802 757 942 815 quoquot

286 817 402 877 brumae
411 816 548 894 quasdam
558 827 587 876 et
600 817 711 877 solstitii
721 817 890 877 similitudo:
919 839 942 877 u

286 917 319 955 eu
331 908 448 956 manant
460 908 490 957 st
509 898 613 967 fluunt,
652 898 753 976 quibus
773 907 802 957 et
822 898 943 958 animant

287 988 508 1055 augssoentqu03
542 988 571 1036 st
591 979 742 1056 pubesuuut
762 979 943 1039 maturitates

287 1067 420 1133 quantur,
441 1078 512 1135 quse
525 1058 654 1117 oriuntur
667 1079 682 1117 e
693 1068 774 1120 tenu.
933 1083 938 1090 ·

328 1138 397 1197 XX.
421 1139 546 1197 Maxime
559 1159 624 1198 vero
638 1149 703 1199 sunt
717 1139 893 1200 admirabiles
906 1161 943 1199 ms

288 1220 412 1297 quinque
420 1220 574 1289 stellarum,
588 1220 878 1298 qussfslso'vossntur
888 1242 944 1281 srrs

287 1299 364 1358 enim
377 1311 460 1370 snut,
481 1301 555 1377 quod
569 1300 687 1360 inomni
706 1302 870 1361 aeternitate
890 1322 944 1362 conr

287 1400 394 1457 gressus
414 1388 443 1438 st
462 1400 608 1458 regressus,
632 1382 806 1459 reliquosque
825 1392 928 1451 mutus,

286 1472 314 1518 et
328 1470 409 1520 ratos.
451 1460 572 1528 Quoties
581 1472 624 1520 est
633 1462 824 1521 admirabilius
837 1463 866 1521 in
876 1464 943 1522 hiss

284 1540 414 1613 dicimus,
424 1541 491 1619 quis
500 1552 562 1603 tum
571 1544 753 1613 occultantur,
763 1551 826 1601 tum
835 1563 945 1603 rursusi

286 1634 349 1681 tum
359 1623 474 1694 adeunt,
485 1634 548 1684 turn
557 1624 698 1693 recedunt,
710 1633 773 1683 tum
783 1624 945 1683 antecedunt

284 1715 447 1781 sequuntur,
463 1714 526 1764 tum
540 1706 654 1764 celerius
667 1714 824 1774 moventur,
839 1714 902 1764 tum
916 1714 946 1764 ta

283 1784 396 1866 smniuo
405 1806 440 1845 ne
450 1795 600 1845 morentur
608 1784 733 1862 quidem,
747 1784 839 1843 sedsd
848 1785 945 1860 quoddr
