2367 3817
295 273 430 328 tutione:
447 272 562 328 deorum
571 271 658 348 igitur
668 269 780 329 coneilio
790 268 918 328 adminiet

293 348 316 406 ei
331 349 412 408 aliter
424 359 475 419 eet,
496 350 604 427 aliquid
617 350 737 428 proiecto
750 369 859 408 necesse
878 359 918 409 eet

293 440 322 488 et
336 431 439 508 majore
453 431 482 488 vi
497 432 666 508 praeditum,
681 449 767 507 quam
781 430 855 500 dccc,
869 449 918 507 quc

292 520 343 579 est,
361 511 420 569 sive
433 511 559 570 inanima
570 521 681 580 natura,
695 512 755 570 eive
768 512 915 570 necessitas

292 590 385 663 citata,
411 593 479 651 haec
492 592 679 670 pulcherrima
692 611 773 670 opera
792 591 919 662 afficiens,

294 690 366 730 mue.
410 673 478 731 Non
492 681 533 732 est
548 673 634 751 igitur
647 682 748 733 natura
760 672 875 732 deorum
886 691 919 750 pr

292 772 347 828 quc
360 754 505 822 excellens,
520 754 543 812 ci
557 753 671 831 quidem
683 773 715 813 ea
725 754 851 832 subjecta
860 762 919 812 eet<

291 834 353 902 tati,
368 836 412 892 vel
424 842 549 903 naturae,
564 854 621 911 qua
632 834 748 903 coelum,
759 834 859 902 maria,
870 843 919 892 ten

291 921 347 971 tur.
385 915 467 972 Nihil
478 923 574 973 autem
589 924 631 973 eet
644 914 829 992 praestantius
838 913 905 973 deo:

291 1012 399 1051 neccsse
413 1003 455 1051 cat
469 993 609 1052 mundum
624 994 690 1072 negi.
733 995 817 1054 Nulli
830 995 917 1072 igitur

289 1072 418 1132 obediens
432 1081 482 1132 aut
496 1075 636 1153 subjectus
650 1075 737 1133 deus:
760 1095 873 1134 omnem
888 1095 920 1151 cn

289 1162 429 1213 naturam.
472 1155 586 1214 Etenim
609 1156 633 1214 si
653 1156 829 1215 concedimus
852 1156 920 1214 intel

289 1233 362 1304 deoc,
377 1235 552 1295 concedimus
563 1237 649 1295 etiarn
659 1236 845 1315 pmvidcntee,
859 1245 889 1295 et
899 1257 921 1294 n

288 1315 486 1374 maximarum.
528 1318 601 1394 Ergo
615 1327 711 1377 utrum
726 1318 864 1394 ignomnt,
883 1337 921 1395 qu

286 1413 350 1453 mae
364 1395 429 1455 sint.
444 1416 554 1475 quoque
564 1397 618 1455 hac
628 1396 710 1456 modo
720 1397 880 1456 tractandae
889 1406 918 1456 et

287 1475 415 1535 virn'nan
430 1477 542 1548 habent,
557 1497 614 1555 qua
627 1487 720 1537 tantas
733 1498 776 1537 res
789 1478 921 1537 sustineat

287 1556 328 1615 At
343 1565 371 1616 et
385 1557 519 1637 ignomtio
533 1579 628 1618 aerum
641 1559 732 1618 aliena
744 1567 863 1618 naturae
876 1558 922 1617 dec

286 1638 439 1698 sustinendi
453 1640 579 1699 munen'c
592 1647 703 1718 propter
723 1639 922 1699 imbecillitatei

285 1718 403 1778 minime
417 1720 492 1780 cadit
505 1721 535 1779 in
549 1722 726 1799 majestatem
739 1721 862 1779 deorum.
904 1720 922 1777 E

283 1806 331 1855 tur
344 1799 382 1859 id.
407 1800 482 1859 cuod
497 1800 636 1858 volumus.
658 1800 772 1855 deornm
785 1800 923 1854 nrnviden·
