2367 3817
323 288 375 299 -.
398 279 490 316 ...ψ
475 272 585 299 ι,ιιιιιιιι
579 270 583 274 -
606 247 925 331 uernooeasrcnnquunt

306 329 461 396 sequentes,
472 340 536 380 curn
550 321 675 399 primurn
688 337 803 396 uquam,
817 319 927 396 quasin

305 419 396 468 muru,
411 399 503 459 videre
516 409 675 493 potuerunt.
717 399 861 460 Tantum
852 419 929 477 mget

304 480 380 538 tibus
394 479 571 539 conservandi
585 480 629 539 sui
642 488 745 540 natura
756 479 919 540 custodiam

344 561 455 619 XLIX.
478 561 645 638 Legietiam
658 560 802 639 scriptum,
817 555 932 620 essaeus

304 662 375 718 quae
386 641 509 702 Platalaa
519 642 727 700 nominaretur·
749 661 812 714 eam
825 641 879 700 sibi
893 641 934 700 cib

302 723 480 782 advolantem
494 722 530 782 ad
543 743 589 782 eas
603 742 678 790 aves,
691 741 763 799 quae
775 741 804 780 se
818 721 847 780 in
861 722 933 780 mari

302 823 373 879 quae
387 823 451 862 cum
465 804 648 872 emersissent,
662 801 820 881 piscemque
833 803 938 895 cepisse:

302 903 425 960 premere
438 904 533 944 corum
553 884 645 961 capita
664 882 812 952 mordicus,
832 882 934 942 dum
926 903 940 942 ι

301 964 503 1034 admitterent,
531 964 561 1023 id
589 963 697 1041 quod
690 982 750 1041 rpsa
772 962 924 1024 invaderet.

301 1044 368 1102 haec
381 1044 442 1102 avis
456 1044 585 1103 scribitur
597 1044 708 1104 conchis
720 1063 749 1102 se
762 1041 847 1103 solcro
860 1043 943 1122 comp'

301 1143 366 1182 cum
380 1123 515 1182 stomachi
529 1124 617 1182 calore
637 1123 800 1194 concoxerit,
822 1144 945 1184 evomere

300 1204 399 1282 eligere
419 1224 454 1262 ex
475 1203 518 1273 iis,
540 1214 699 1281 quaesunt
721 1205 871 1264 esculenta.
909 1205 947 1264 132

300 1286 425 1344 marinae
438 1284 571 1344 dicuntur
584 1285 698 1344 obruere
711 1305 769 1344 sese
782 1304 866 1344 arena
875 1286 949 1343 soler«

298 1385 382 1443 prope
395 1385 515 1441 squam:
537 1364 666 1442 adquas,
680 1365 759 1443 quasi
774 1365 811 1424 ad
831 1384 931 1432 escam,

299 1445 470 1513 accesserint,
485 1444 581 1503 confici
594 1464 613 1503 a
625 1445 699 1504 ranis
712 1455 797 1523 atque
807 1445 941 1504 consumi.

299 1525 420 1602 quodam
433 1525 538 1584 bellum
551 1544 632 1603 quasi
623 1525 772 1586 naturale
783 1545 847 1584 curn
858 1545 950 1593 corvo

296 1606 420 1676 alterius,
434 1606 604 1665 ubicumnue
616 1615 714 1659 ιιιιιιιιιιι
728 1616 809 1649 aa*
