2367 3817
259 280 303 319 gur
319 277 399 323 nsua,
413 275 497 314 crassa
511 270 630 323 (revicta,
651 266 755 313 multas
771 275 823 333 rpsr
837 262 927 333 lacryn

260 354 313 392 ram
328 335 429 412 populo
449 335 574 393 Romano
595 335 701 394 cladem
721 336 827 395 attulit.
868 336 928 403 Qui«

260 433 305 491 ign
330 417 390 493 ojus
417 415 531 483 Junius,
559 416 656 474 codem
684 416 765 484 bollo,
792 437 884 476 nonne
912 427 928 475 t«

261 496 358 555 larsem
375 496 478 566 omisit,
501 515 566 555 cum
579 497 710 574 auspiciis
723 515 779 556 non
792 498 928 575 paruisset

261 579 276 634 '.
292 577 425 636 Claudius
445 597 463 636 a
482 577 583 655 populo
605 578 803 638 condemnatus
817 587 877 638 oet:
902 579 930 638 Ji

262 677 304 716 om
320 658 371 716 sibi
387 659 445 737 ipso
460 659 602 718 conscivit.
645 659 677 717 C.
692 658 866 718 Flaminium
881 660 930 719 (lor

264 738 323 798 ione
337 741 461 818 neglecta
482 740 609 799 cecidisse
623 739 699 818 apud
721 739 931 800 Thrasimenum

263 839 308 877 um
322 839 422 898 magno
433 821 599 899 reipublicae
608 821 732 879 vulnere.
759 820 883 887 Quorum
895 842 930 879 ex

265 901 290 976 gi
303 911 403 978 potest,
417 921 512 959 eorum
522 900 646 979 imperiis
654 901 853 979 rempublicam
866 921 932 979 amp

264 981 290 1038 ui
307 981 483 1057 religionibus
497 983 662 1058 paruissent.
705 983 753 1050 Et,
775 981 799 1040 si
812 982 931 1041 conferre

265 1073 337 1120 ostro
360 1081 423 1119 cum
445 1060 576 1130 externis,
606 1062 720 1121 caeteris
741 1063 822 1121 rebus
849 1075 900 1122 aut
926 1084 934 1140 1

266 1140 328 1198 iarn
344 1141 482 1200 inferiores
503 1142 689 1220 reperiemur3
715 1142 854 1221 religione,
875 1143 906 1201 id
926 1164 934 1201 r

267 1239 366 1289 eorum,
388 1223 479 1282 multo
493 1224 653 1301 superiores.

284 1303 329 1359 An
349 1303 424 1360 Attii
441 1303 528 1363 Navii
543 1304 631 1364 lituus
645 1304 702 1373 ille,
723 1304 829 1382 quoad
848 1305 935 1363 invest

268 1402 318 1440 roni
334 1383 455 1460 regiones
472 1385 553 1444 vinco
574 1384 746 1453 terminavit,
769 1394 936 1444 contemnem

269 1463 401 1532 cederem,
423 1464 476 1522 nisi
498 1466 559 1543 ejus
581 1465 697 1543 augurio
718 1487 767 1525 rex
790 1465 927 1525 Hostilius

269 1543 314 1602 illo
334 1545 469 1623 gessisset.
511 1547 567 1605 Sed
587 1546 756 1625 negligentia
780 1547 937 1615 nobilitatis

272 1625 387 1705 sciplina
398 1628 508 1698 omisso,
531 1628 633 1686 veritas
643 1628 828 1705 auspiciorum
840 1636 931 1705 spreta

270 1725 296 1762 os
307 1717 420 1767 tantum
431 1717 546 1767 retento.
578 1709 678 1784 ltaque
688 1708 829 1767 maximae
837 1708 939 1785 reipubl

271 1807 292 1853 s,
316 1789 343 1844 in
360 1790 403 1847 his
417 1789 499 1856 bella,
520 1788 624 1864 quibus
638 1787 803 1861 reipublicae
817 1788 891 1847 sslus
905 1808 939 1846 cor
