2367 3817
165 449 336 507 cinctas.
373 445 431 497 m:
450 448 609 515 NATURA
629 448 796 500 DEORUM·
892 486 895 492 -
943 451 989 504 127

164 561 262 620 eodem
276 560 331 620 dici
343 570 467 640 possunt.
509 561 654 639 Quidquid
667 573 709 622 est
723 564 809 634 enim,
833 563 909 642 quod
930 584 993 622 sen.

166 662 230 704 sum
243 643 355 711 habeat,
380 642 411 701 id
424 662 534 701 necesse
546 652 589 701 est
609 644 710 703 sentiet
724 654 752 704 et
767 646 940 724 voluptatem
965 655 994 704 et

167 722 307 782 dolorem:
329 724 366 783 ad
379 742 464 801 quem
477 732 574 784 autem
595 723 671 782 dolor
691 725 794 795 veniat,
815 726 852 785 ed
872 726 994 786 eundem

159 803 253 863 etiam
267 804 414 864 interitum
425 803 528 863 venire.
556 804 611 864 -Ito
623 803 665 875 fit,
680 814 714 880 ut
726 825 762 865 ne
776 806 869 886 ignem
880 808 995 886 quidem

167 884 275 947 efficere
287 884 398 963 possitis
411 893 566 944 aeteruum.

207 964 283 1034 Quid
298 966 395 1024 enim?
416 985 474 1024 non
487 966 592 1025 eisdem
607 966 685 1026 vobis
698 964 798 1045 placet,
819 988 932 1027 omnem
953 968 996 1045 ig·

158 1066 234 1107 nem
260 1057 357 1125 pastus
383 1046 528 1124 indigere?
564 1066 616 1105 nec
643 1066 803 1125 permanere
831 1048 888 1107 ullo
913 1050 996 1109 modo

158 1148 254 1206 posse,
276 1128 330 1186 nisi
344 1127 459 1188 alatur?
481 1127 519 1185 ali
532 1136 629 1189 eutem
644 1128 739 1198 solem,
760 1128 868 1199 lunam,
890 1130 997 1208 relique

158 1217 251 1279 astra,
273 1209 362 1287 aquis,
387 1209 442 1269 alia
455 1208 592 1279 dulcibus,
614 1208 669 1268 elia
690 1208 827 1269 marinis?
871 1210 999 1289 Eamque

169 1310 281 1350 causam
295 1290 444 1349 Cleanthes
458 1289 547 1360 affert,
570 1310 619 1348 cur
633 1310 661 1349 re
675 1291 715 1351 sol
735 1291 843 1361 referat,
865 1312 916 1352 nec
936 1293 998 1352 lon.

157 1415 161 1426 .
167 1372 230 1450 gius
249 1371 439 1450 progrediatur
458 1370 599 1430 solstitiali
620 1373 693 1442 orbe,
719 1371 843 1450 itemque
867 1373 998 1442 brumali,

167 1472 203 1511 ne
226 1452 335 1529 longius
355 1451 478 1510 discedat
498 1471 516 1509 a
534 1450 605 1509 cibo.
647 1452 709 1509 Hoc
729 1460 823 1509 totum
846 1453 927 1529 quale
952 1454 999 1523 sit,
1023 1463 1030 1472 “

168 1553 257 1590 mcxx
286 1552 362 1590 nunc
374 1539 471 1591 autem
488 1529 668 1589 concludatur
688 1530 768 1601 illud,
793 1531 868 1608 quod
889 1532 1001 1593 interire

169 1612 264 1690 possit,
290 1611 320 1670 id
333 1621 478 1670 aeternum
491 1630 548 1670 non
562 1630 620 1668 esse
640 1620 760 1671 nature:
790 1612 883 1689 ignem
904 1625 1000 1674 autern

160 1693 351 1752 interiturum
366 1710 432 1762 esse,
456 1691 510 1749 uisi
524 1690 636 1762 ulatur3
658 1712 714 1750 non
728 1711 786 1750 esse
800 1692 887 1770 igitur
898 1704 1000 1756 natura

170 1773 264 1852 ignem
279 1773 488 1851 sempiternum.

211 1853 281 1913 XV.
303 1852 421 1922 Qualem
435 1862 531 1912 autem
546 1852 631 1912 deum
652 1852 805 1934 intelligere
825 1876 881 1915 non
902 1877 1001 1935 possu.

159 1956 235 1995 ..mus
254 1936 333 1995 nulla
354 1935 459 1993 virtute
478 1934 660 2013 praeditum?
704 1935 780 2004 Quid
800 1937 899 1997 enim?
933 1958 1001 2017 pru·

170 2017 330 2086 dentiamne
344 2016 394 2076 deo
409 2016 588 2075 tn'buemus?
617 2037 688 2094 quae
702 2026 809 2077 constat
831 2038 867 2077 ex
887 2019 1002 2080 scientia

169 2119 263 2157 rerum
273 2099 409 2157 bonarum
421 2108 449 2156 et
460 2098 608 2167 malarum,
624 2107 662 2167 et,
673 2117 723 2156 nec
733 2099 869 2157 bonarum
880 2119 931 2158 nec
940 2120 1001 2160 rna·

169 2180 272 2240 lorum.
307 2179 361 2237 Cui
374 2179 443 2238 mali
456 2178 529 2237 nihil
543 2186 594 2248 est,
610 2198 660 2237 uec
671 2198 729 2237 esse
739 2188 840 2257 potest,
855 2179 923 2257 quid
935 2180 1001 2241 huic

170 2282 239 2339 opus
252 2270 294 2319 est
307 2260 415 2319 delectu
429 2261 565 2319 bonorum
579 2268 609 2318 et
629 2259 765 2319 melorum
779 2261 795 2322 ἒ,
814 2261 884 2338 quid
904 2272 1000 2323 autem

158 2342 296 2401 ‚rational
327 2340 395 2418 quid
419 2341 626 2418 intelligentia?
649 2341 752 2417 quibus
766 2342 875 2401 utimur
888 2343 924 2401 ad
938 2363 1000 2404 eam

170 2443 239 2492 rem,
262 2430 295 2479 ut
314 2421 416 2499 apertis
430 2423 544 2479 obscura
557 2440 746 2499 assequemur.
788 2423 831 2481 At
852 2424 998 2484 obscurum

171 2504 221 2562 deo
235 2501 305 2561 nihil
320 2510 411 2579 potest
421 2521 488 2560 esse.
531 2500 609 2559 Nem
619 2501 742 2580 justitia,
758 2523 828 2580 quae
843 2524 926 2565 suurn
939 2509 999 2566 cui.

158 2604 225 2662 -que
246 2583 398 2653 distribuit,
423 2582 491 2660 quid
511 2582 633 2661 pertinet
653 2581 689 2641 ad
709 2582 795 2643 deos?
839 2585 998 2649 Hominum

171 2666 246 2725 enim
261 2664 374 2724 societas
387 2673 415 2723 et
430 2663 625 2733 communitas,
640 2672 674 2723 ut
684 2683 733 2723 vos
743 2664 844 2735 dicitis,
854 2667 997 2744 justitiam

169 2746 331 2826 procreavit.
374 2745 572 2824 Temperantia
584 2754 681 2804 autem
695 2753 802 2805 constat
822 2767 858 2805 ex
876 2761 997 2826 praeter-

170 2827 316 2887 mittendis
330 2827 519 2905 voluptstibus
533 2826 668 2905 corporis:
692 2825 737 2884 cui
751 2826 774 2885 si
788 2827 864 2887 locus
885 2830 914 2889 in
936 2853 995 2891 coe-

170 2908 197 2968 lo
211 2917 262 2977 est,
285 2916 326 2965 est
340 2908 426 2965 etiam
438 2907 638 2985 voluptatibus.
682 2907 712 2965 N
714 2927 761 2966 arn
775 2909 853 2969 fortis
867 2911 934 2972 deus
952 2914 995 2971 in-

170 2989 258 3067 telligi
271 2988 321 3065 qui
334 2987 448 3066 potest?
470 2987 500 3045 in
514 2987 615 3058 dolore,
629 3008 666 3047 an
680 2988 709 3048 in
723 2988 824 3061 labore,
846 3011 882 3049 an
903 2993 931 3049 in
947 3014 995 3069 pe·

158 3070 281 3129 riculo?
306 3088 425 3146 quorum
438 3068 523 3126 deum
543 3069 615 3128 nihil
639 3069 762 3147 attingit.
805 3070 868 3129 Nec
889 3073 996 3132 ratione

169 3152 256 3228 igitur
269 3158 406 3221 utentem,
426 3170 477 3208 nec
491 3150 596 3210 virtute
612 3150 666 3210 ullo
680 3150 839 3228 praeditum
851 3150 941 3206 deum
952 3154 999 3209 in.

169 3232 289 3308 telligere
302 3231 352 3308 qui
365 3235 537 3310 possumus?
880 3296 912 3310 Η
1017 3267 1024 3282 =

200 3312 234 3369 N
234 3330 266 3371 ec
281 3333 347 3375 vero
362 3314 445 3397 vulgi
466 3315 561 3397 atque
581 3315 803 3397 impetitorum
817 3304 985 3376 ‘mmm
994 3293 1036 3366 .ὶῆ
