2367 3817
187 445 252 508 cn.
266 446 358 518 stes
402 444 453 507 ns
470 446 622 510 urruns
640 452 813 510 eronus·
981 459 1012 513 tr

185 567 270 627 fluxit
283 566 436 628 multitudo
449 561 575 638 deorum,
596 567 645 645 qui
666 564 758 628 induti
778 566 867 649 specie
887 566 1013 629 humana

183 647 290 708 fabulas
304 649 392 727 poetis
405 648 670 728 suppeditaverunt,
687 649 835 709 hominum
855 652 953 710 autem
966 651 1013 709 si.

183 738 243 787 tarn
257 730 451 808 superstitione
465 730 542 789 ornni
554 730 728 789 referserunt.
770 730 872 807 Atque
880 730 925 789 hio
935 730 1011 792 loeus

182 809 325 869 eZenone
338 820 483 879 tractatus,
504 819 566 887 post
585 830 604 869 a
624 810 768 882 Cleanthe,
793 821 822 869 et
844 811 1009 891 Chrysippo,

182 889 309 967 pluribus
337 892 429 966 v'erbis
456 889 610 970 explioatin
637 901 688 950 est.
730 891 810 951 Nam
837 900 918 951 vetus
941 893 1010 952 haee

181 970 275 1048 opinio
288 971 433 1030 Graeciam
453 970 586 1049 oppleuit,
607 982 750 1032 exsertum
772 970 889 1031 Caelum
910 992 928 1032 a
951 972 1009 1035 filio

181 1050 313 1121 Saturno,
341 1052 468 1110 unctum
498 1060 594 1110 autem
618 1051 773 1111 Saturnum
797 1051 890 1132 ipsum
910 1071 928 1112 a
951 1052 1009 1113 filio

180 1131 264 1190 Jove.
304 1132 423 1211 Physioa
444 1130 515 1192 ratio
531 1145 595 1206 ¹non
622 1131 762 1209 inelegans
785 1130 892 1192 inclusa
911 1143 953 1193 est
977 1135 1008 1195 in

181 1211 282 1290 impias
294 1205 418 1272 fabulosi
435 1212 586 1272 molestum
600 1213 685 1282 enim,
708 1212 876 1273 altissimam
897 1211 1006 1275 aether}

179 1310 298 1369 eamque
309 1304 450 1363 naturam,
465 1293 495 1353 id
508 1302 560 1363 est,
573 1294 694 1373 igneam,
709 1314 781 1373 quse
792 1314 842 1375 per
862 1314 919 1355 sese
944 1315 1007 1356 orn.

178 1372 227 1432 nia
239 1373 372 1452 gigneret,
386 1394 483 1434 meare
496 1374 645 1434 uoluerunt
659 1395 692 1434 ea
704 1385 783 1453 parte
796 1375 923 1453 eorporis,
934 1394 1006 1456 quae

179 1455 371 1531 conjunctione
383 1454 498 1515 alterius
511 1464 602 1532 egeret
615 1455 651 1514 ad
666 1455 875 1533 procreandum.
996 1475 998 1481 ¹

218 1534 319 1593 XXV.
339 1536 495 1594 Saturnum
509 1544 605 1593 autern
619 1554 686 1593 eum
704 1555 763 1616 esse
776 1536 933 1606 voluerunt,
955 1537 1004 1614 qui

178 1632 292 1672 sursum
305 1625 334 1673 et
348 1615 553 1674 conversionem
566 1615 719 1693 spatiorum
729 1625 928 1694 aetemporum
938 1631 1005 1675 sons

177 1694 289 1762 tineret,
309 1696 359 1770 qui
382 1694 451 1753 deus
474 1694 578 1753 Grseee
605 1695 635 1755 id
661 1695 755 1773 ipsum
781 1715 884 1755 nomen
910 1696 1005 1757 habet.

177 1772 290 1844 Κρόνος
303 1776 379 1833 enim
392 1775 503 1845 dieitur,
526 1775 575 1852 qui
597 1785 640 1835 est
664 1776 741 1835 idem
766 1774 883 1849 χρόνος,
907 1776 937 1835 id
951 1784 1002 1849 est,

176 1854 299 1931 spatium
320 1856 461 1934 temporis.
502 1856 640 1932 Saturnus
659 1866 756 1917 autern
776 1866 819 1916 est
838 1856 1002 1935 appellatus,

173 1935 249 2011 quod
270 1936 518 2006 staretur-annis.
559 1937 606 1997 Ex
625 1949 656 1997 s'e
678 1940 754 1997 enim
778 1946 858 1998 natos
882 1957 1002 1999 comesse

174 2015 290 2094 tingitur
303 2018 410 2087 solitus,
421 2017 487 2095 quis
500 2019 639 2078 consumit
648 2029 725 2079 setas
735 2030 893 2096 temporum
902 2020 1001 2097 spatis,

172 2096 309 2174 annisque
321 2099 476 2177 praeteritis
496 2098 714 2159 insaturabiliter
733 2100 869 2178 expletur.
911 2100 1001 2159 Vino·

174 2187 221 2235 tus
234 2186 275 2235 est
288 2189 384 2238 autem
397 2199 416 2239 a
428 2179 509 2250 Jove,
533 2198 569 2238 ne
583 2180 778 2239 immoderatos
799 2199 895 2239 cursus
914 2180 1002 2240 habe·-

170 2266 224 2327 ret,
238 2268 323 2335 atque
337 2270 369 2320 ut
380 2280 446 2319 eum
459 2260 581 2319 siderum
589 2260 690 2319 vinclis
701 2262 835 2339 alligaret.
875 2260 932 2319 Sed
942 2262 1000 2341 ipse

171 2338 293 2416 Jupiter,
306 2339 336 2398 id
350 2349 402 2410 est,
417 2348 437 2375 “
443 2342 548 2419 juvans
561 2341 666 2419 pster,¹'
680 2352 764 2417 quern
778 2341 999 2401 conversis-easi-

167 2418 225 2475 bus
237 2419 409 2497 appellamus
422 2438 441 2479 a
455 2420 581 2497 juvando
602 2419 713 2489 iovem,
737 2438 756 2479 a
776 2421 867 2497 poitis
892 2427 1000 2498 “pater

171 2497 326 2576 divumque
340 2500 561 2575 horninumque”
571 2498 692 2557 dieitur:
713 2500 998 2578 amajoribusautern

171 2578 272 2637 nostris
295 2579 448 2658 “optimus
461 2579 604 2638 maximus
614 2580 644 2654 3'.'
664 2588 693 2638 et
706 2579 823 2660 quidem¹
834 2589 899 2639 ante
924 2584 998 2660 opti.

170 2663 252 2730 inus3
269 2658 298 2719 id
312 2670 363 2731 est,
377 2660 653 2729 beneficentissimus,
667 2677 753 2739 quarn
767 2660 919 2733 maximus,
930 2662 997 2742 quin

169 2741 261 2820 majus
275 2750 326 2810 est,
341 2750 467 2819 oerteque
480 2742 596 2821 gratius,
610 2741 735 2819 prodesse
756 2742 894 2814 omnibus,
909 2763 995 2823 quarn

168 2840 233 2897 opes
242 2840 360 2900 magnas
374 2822 482 2882 hebere.
526 2823 712 2902 Hunc‘igitur
725 2802 843 2893 lunius,
866 2834 898 2887 ut
912 2845 996 2907 supra

169 2900 238 2971 dixi,
252 2912 396 2981 nuncupat
409 2903 451 2963 ita
463 2903 566 2973 disens,

167 3011 274 3075 Adspice
285 3011 332 3061 hoe
342 3012 447 3062 sublime
458 3014 576 3074 studens,
589 3028 664 3078 quem
675 3013 791 3063 invoesat
802 3030 889 3065 omnes
896 3014 994 3065 Jovam.

109 3125 112 3131 ·
163 3081 330 3187 vplaniusque
342 3111 397 3170 alio
410 3112 468 3171 loeo
481 3110 575 3170 idern:

167 3211 226 3271 Cur,
235 3213 299 3275 quod
307 3213 334 3261 in
340 3227 382 3262 ms
389 3217 436 3273 est,
443 3211 658 3273 eneeraboritoe,
666 3210 1012 3279 quodinest,uu‘xunxixueetr

151 3303 341 3367 Hono'etiam
356 3329 481 3391 augures
496 3312 605 3386 nostri,
618 3333 693 3374 ourn
705 3311 832 3373 dieunt,
851 3309 873 3337 ‘⁸
889 3290 1041 3354 tonate-
