2367 3817
171 440 233 515 css.
247 467 341 527 sara.
373 463 442 516 ¹ns
460 467 609 517 urruns
632 457 797 518 naoaurr'.
967 471 1000 521 os

170 575 371 648 animantium,
399 586 428 636 st
452 597 536 655 quam
559 579 642 636 solers
663 579 827 656 subtilisque
855 573 1000 657 descriptio

170 656 305 735 partium,
326 678 467 735 quamque
486 659 658 718 admirabilis
678 660 779 718 fabrica
799 660 998 719 membrorum.

170 736 277 797 Omnia
301 739 386 808 enirn,
412 759 483 816 quae
508 739 622 815 quidem
637 739 715 798 intus
728 740 834 799 inclusa
857 749 932 810 sunt,
959 741 999 799 ita

171 827 248 887 nata,
258 826 343 896 atque
357 820 398 878 ita
408 819 497 878 locata
510 828 585 889 sunt,
598 829 631 878 ut
644 820 715 878 nihil
726 839 821 879 eorum
836 839 999 899 supervaca-

171 911 257 957 neum
271 899 318 968 sit,
339 899 411 958 nihil
424 899 460 958 ad
475 899 562 958 vitam
577 900 751 959 retinendam
773 919 828 959 non
849 902 997 959 necessari·

172 998 231 1036 um.
274 980 359 1039 Dedit
372 988 468 1039 autem
488 980 584 1038 eadem
598 990 699 1038 natura
713 980 812 1038 belluis
826 989 853 1038 et
874 1000 996 1049 sensum,

171 1067 201 1118 et
213 1060 369 1137 appetitum
381 1081 390 1130 ς
413 1069 445 1118 ut
458 1061 545 1120 altero
565 1071 696 1119 conatum
710 1060 843 1119 haberent
863 1060 898 1119 ad
912 1071 997 1120 natu-

171 1140 241 1197 rales
254 1150 349 1218 pastus
363 1141 550 1221 capessendos,
570 1140 658 1200 altero
678 1150 848 1200 secernerent
868 1141 997 1220 pestifera

167 1239 188 1277 a
214 1220 389 1280 mlutanbus.
429 1222 497 1281 Jam
518 1242 582 1280 vero
602 1221 659 1280 alia
684 1221 818 1282 animalia
837 1222 994 1301 gradiendo,

168 1299 224 1359 alia
237 1302 379 1379 serpendo,
391 1301 428 1361 ad
439 1312 551 1381 pastum
565 1302 710 1372 accedunt,
723 1303 779 1361 alia
792 1302 920 1372 volando,-
941 1302 997 1361 alia

169 1381 280 1440 nando:
302 1383 451 1459 cibumque
466 1383 569 1461 partim
583 1383 638 1440 oris
651 1383 742 1450 hiatu,
763 1393 792 1441 et
805 1383 935 1441 dentibus
944 1383 995 1460 ip-

170 1461 206 1520 sis
220 1472 375 1540 capessunt,
397 1464 499 1539 partim
521 1462 659 1540 unguium
679 1462 828 1521 tenacitate
847 1461 994 1540 arripiunt,

168 1542 272 1619 partim
305 1542 465 1600 aduncitate
491 1551 661 1600 rostrorum:
696 1542 752 1602 alia
779 1552 905 1619 carpunt,
940 1541 996 1601 alia

170 1632 279 1689 vorant,
301 1621 356 1680 alia
369 1621 517 1681 mandunt.
559 1622 657 1697 Atque
670 1622 754 1680 etiam
771 1622 889 1680 aliorum
911 1631 994 1680 esest

168 1702 325 1772 humilitas,
348 1711 381 1760 ut
402 1702 495 1760 cibum
509 1710 666 1760 terrestrem
681 1702 775 1761 rostris
794 1700 872 1760 facile
886 1701 1011 1764 contin.

165 1789 245 1861 'garet
287 1781 470 1849 Quae-autem
484 1782 583 1841 altiora
597 1790 674 1851 sunt,
686 1791 728 1841 ut
741 1801 858 1851 anseres,
881 1790 914 1841 ut
928 1802 995 1860 cyg.

165 1865 208 1932 ni,
231 1871 263 1923 ut
277 1882 366 1943 grues,
389 1871 421 1921 ut
435 1863 543 1930 cameli,
564 1862 735 1942 adjuvantur
754 1863 915 1941 proceritate
937 1863 993 1922 col.

167 1946 268 2003 lorum.
309 1945 412 2003 Manus
426 1944 512 2002 etism
526 1943 593 2002 data
612 1944 774 2022 elephantis,
798 1943 864 2021 quia
883 1953 994 2022 propter

164 2026 391 2102 magnitudinem
407 2025 523 2104 corporis
543 2024 668 2083 difficiles
688 2025 782 2084 aditus
797 2024 937 2083 habebant
957 2025 993 2083 ad

217 2116 289 2165 tum.

166 2126 217 2214 'pm
204 2184 352 2245 XLVIII.
376 2188 415 2245 At
430 2186 531 2263 quibus
545 2186 640 2244 bestiis
654 2197 712 2244 erat
726 2186 750 2243 is
764 2186 849 2254 cibus,
875 2195 907 2243 ut
921 2185 992 2244 alius

168 2269 273 2344 generis
286 2268 381 2327 bestiis
395 2277 578 2336 vescerentur,
592 2275 644 2325 aut
655 2267 725 2323 vires
735 2275 835 2325 natura
844 2266 931 2336 dedit,
937 2278 991 2325 aut

167 2347 344 2406 celeritatem.
387 2348 462 2407 Data
474 2346 697 2424 estquibusdam
712 2347 797 2405 etiam
821 2347 992 2406 machinatio

167 2427 303 2504 quaedam
317 2436 402 2504 atque
414 2426 540 2486 solertia:
561 2427 640 2485 utin
658 2428 800 2494 araneolis,
822 2428 891 2486 aliae
912 2428 991 2503 quasi

166 2516 224 2567 rete
239 2513 349 2576 texunt,
374 2515 407 2566 ut
429 2507 452 2565 si
473 2506 541 2584 quid
561 2507 719 2574 inhaeserit,
733 2507 895 2565 conficiant:
921 2507 991 2567 aliae

166 2599 263 2647 autem
277 2599 310 2647 ut
319 2609 358 2647 ex
372 2587 514 2666 inopinato
528 2587 683 2655 observant,
705 2597 733 2645 et
747 2587 769 2645 si
790 2587 858 2664 quid
882 2587 990 2656 incidit,

166 2669 312 2748 arripiunt,
326 2669 410 2746 idque
432 2678 622 2727 consumunt·
650 2668 739 2726 Pinna
754 2687 816 2726 vero
841 2668 894 2740 (sic
915 2668 990 2725 onim

166 2748 270 2808 Graece
282 2749 397 2827 dicitur)
408 2749 515 2809 duabus
529 2748 678 2827 grandibus
686 2749 782 2826 patule
793 2749 910 2817 conchis,
926 2768 990 2807 cum

164 2850 252 2906 parva
264 2830 365 2905 squilla
377 2830 456 2907 quasi
475 2830 632 2906 societatem
655 2830 709 2887 coit
730 2829 905 2906 comparandi
927 2829 990 2886 cibi.

166 2909 267 2987 Itaque
281 2929 343 2967 cum
355 2910 478 2988 pisciculi
488 2910 566 2987 parvi
578 2909 608 2967 in
623 2910 754 2967 concham
769 2908 893 2966 hiantem
910 2910 990 2966 inna-

165 2990 296 3058 taverint,
324 2999 385 3049 tum
396 2990 540 3049 admonita
553 2989 681 3065 asquilla
695 2989 781 3065 pinna
794 3008 898 3057 morsu,
915 3008 991 3046 com.

164 3070 262 3149 primic
277 3071 401 3129 conchas.
442 3070 489 3130 Sic
509 3069 702 3128 dissimillimis
723 3069 844 3126 bestiolis
865 3087 991 3126 commu.

165 3152 239 3208 niter
252 3152 329 3209 cibus
342 3150 493 3227 quaeritur.
535 3150 570 3207 lu
584 3169 641 3226 quo
654 3148 854 3207 admirandum
864 3158 994 3212 est,con-

157 3250 290 3305 gressune
300 3232 396 3307 aliquo
409 3232 485 3292 inter
495 3251 537 3304 se,
551 3252 590 3292 an
603 3233 667 3312 iam
678 3230 750 3289 inde
761 3229 801 3285 ab
811 3231 1025 3282 artissume,

147 3309 227 3382 &²³³⁰
241 3324 430 3393 fflssfflgfltae
457 3314 531 3377 sint.
571 3316 636 3377 Est
659 3313 759 3379 edom
783 3298 952 3363 mmm
968 3305 1053 3344 xxm-
