2367 3817
178 450 241 503 Cer.
253 450 345 515 58,59.
391 449 441 503 DE
459 451 609 505 NATURA
629 449 796 506 DEORUM.
951 451 1003 506 '1⁰5

173 567 253 642 cam)
265 566 430 633 decentiam,
444 567 514 626 oculi
523 566 668 647 judicanti
684 575 770 644 atque
780 565 866 625 etiarn
877 563 932 625 alia
943 585 1003 625 ma·

171 646 242 723 jora
285 646 315 705 N
317 666 364 705 am
377 657 407 705 et
421 649 538 707 virtutes
552 658 580 705 et
595 647 666 706 uitia
679 656 863 725 cognoscunt:
887 647 1002 714 iratum,

174 727 347 805 propitium:
368 728 530 796 laetantem,
544 728 703 787 dolentem:
723 728 832 797 fortem,
848 728 1003 805 ignavumt

175 808 318 878 audacem,
344 809 533 886 timidumque
560 817 735 887 cognoscunt.
785 809 908 867 Aurium
933 809 1003 866 item

175 899 217 946 est
240 889 404 947 admirabile
428 890 578 967 quoddam,
598 890 834 966 artificiosumque
850 888 1002 967 judicium,

175 989 230 1044 quo
240 970 385 1046 judicatur
397 981 426 1029 et
440 973 470 1029 in
481 972 555 1031 vocis
564 981 593 1030 et
607 972 637 1029 in
652 970 786 1030 tibiarum
799 989 1004 1045 nervorumque

175 1050 302 1108 cantibus
323 1050 442 1111 varietas
464 1072 604 1121 sonorum,
625 1052 781 1118 intervalla,
803 1050 954 1116 distinctio,
976 1060 1005 1108 et

176 1131 249 1188 vocis
263 1151 363 1208 genera
372 1134 527 1210 permulta:
551 1153 693 1203 canorum,
708 1132 835 1191 fuscum:
857 1132 945 1201 laeve,
959 1150 1004 1189 as·

175 1213 289 1287 perum:
312 1232 404 1290 grave,
418 1224 554 1273 acutum:
576 1213 707 1284 flexibile,
721 1214 844 1273 durum:
867 1232 938 1290 quae
951 1212 1003 1271 ho·
1029 1240 1031 1243 ·

174 1292 284 1351 minum
300 1294 389 1353 solum
403 1296 516 1355 auribus
526 1296 699 1375 judicantur.
742 1294 920 1370 Nariumque
933 1292 1003 1351 item

175 1382 203 1430 et
217 1375 347 1450 gustandi
360 1377 463 1453 pariter
476 1387 505 1435 et
525 1376 658 1454 tangendi
678 1396 780 1453 magna
798 1376 907 1453 judicia
927 1386 1002 1432 sunt.

175 1453 224 1512 -Ad
237 1475 305 1531 quos
316 1475 410 1514 sensus
421 1458 566 1534 capiendos
576 1468 605 1515 et
615 1456 792 1534 perfruendos
802 1456 894 1533 plures
905 1455 1001 1522 etiam,

174 1554 261 1609 quarn
276 1535 386 1604 vellem,
411 1550 484 1594 artes
498 1546 621 1614 repertae
642 1539 716 1594 sunt.
758 1536 937 1613 Perspicuum
959 1545 1003 1613 est

175 1614 261 1681 enim,
283 1635 338 1690 quo
352 1617 562 1694 compositiones
575 1626 794 1694 unguentorum,
809 1635 863 1692 quo
877 1617 1002 1675 ciborum

175 1693 355 1763 conditiones,
368 1717 424 1773 quo
438 1717 581 1775 corpomm
595 1697 731 1756 lenocinia
744 1699 931 1774 processerint.

216 1776 296 1833 LIX.
317 1776 462 1837 Jam'vero
476 1779 605 1836 animum
626 1779 732 1856 ipsum,
750 1787 930 1855 mentemque
950 1777 1002 1836 ho-

173 1856 268 1925 minis,
283 1858 428 1927 rationem,
444 1860 599 1929 consilium,
613 1858 802 1939 prudentiam,
823 1858 872 1935 qui
886 1865 942 1918 non
956 1858 999 1916 di.

175 1936 240 1995 rina
253 1940 451 2017 curaperfecta
463 1960 521 1999 esse
533 1942 672 2020 perspicit,
694 1940 718 1999 is
738 1940 805 2018 ipsis
825 1941 907 1999 rebus
927 1938 1000 1998 mibi

174 2017 285 2077 videtur
298 2040 396 2079 carere.
439 2022 481 2079 De
495 2043 550 2099 quo
564 2023 633 2081 dum
647 2023 829 2099 disputarem,
850 2028 930 2079 tuam
944 2020 1001 2078 ini-

173 2098 203 2155 hi
218 2099 275 2157 dari
289 2101 384 2170 velim,
399 2102 491 2171 Cotta,
507 2103 703 2179 eloquentiam.
738 2102 800 2168 Quo
815 2100 891 2160 enirn
905 2112 937 2160 tu
951 2101 1001 2159 illa

172 2180 255 2238 modo
268 2181 394 2240 diceres?
430 2182 545 2251 Quanta
556 2184 680 2262 primum
693 2182 886 2260 intelligentia,
900 2180 1002 2241 deinde

173 2264 396 2338 consequentiam
411 2284 504 2322 rerum
518 2285 583 2323 cum
597 2265 695 2343 primis
709 2263 866 2343 conjunctio
880 2274 909 2322 et
923 2284 999 2322 com-

172 2343 326 2418 prehensio,
351 2355 422 2402 esset
436 2345 464 2401 in
478 2346 577 2415 nobis;
604 2365 708 2421 exque
723 2346 861 2414 videlicet,
883 2346 950 2421 quid
966 2364 1001 2402 ex

172 2422 330 2498 quibusque
348 2426 429 2482 rebus
450 2426 597 2494 efficiatur,
618 2426 702 2502 idque
722 2427 838 2495 ratione,
860 2424 1002 2484 concludi-

173 2523 255 2575 nurs:
286 2503 463 2582 singulasque
483 2526 526 2563 res
553 2506 712 2576 delinimus,
741 2507 1000 2585 circumscripteque

172 2584 399 2661 complectimur:
421 2607 456 2644 ex
470 2607 525 2663 quo
539 2587 654 2646 scientia
666 2588 833 2666 intelligitur
842 2608 927 2665 quam
939 2588 1000 2646 vim

172 2664 283 2736 habeat,
297 2667 388 2743 qualis
402 2668 458 2726 sit:
481 2688 537 2745 qua
549 2687 585 2726 ne
599 2669 628 2726 in
643 2669 694 2727 deo
708 2669 821 2746 quidem
836 2679 877 2728 est
889 2688 931 2728 res
943 2669 1001 2728 ulla

172 2748 362 2822 praestantior.
404 2749 517 2816 Quanta
532 2770 596 2808 vero
610 2749 658 2809 illa
671 2760 747 2819 sunt,
769 2769 841 2827 quae
862 2771 910 2809 vos
925 2751 1000 2809 Aca-

172 2826 273 2886 demici
287 2827 434 2888 infirmatis
448 2842 476 2890 et
490 2831 598 2899 tollitis,
613 2832 688 2907 quod
702 2843 730 2890 et
744 2831 877 2901 sensibus,
895 2840 923 2890 et
937 2831 1000 2889 ani-

172 2925 220 2964 mo
234 2927 275 2977 ea,
298 2928 368 2985 quae
382 2920 461 2969 extra
475 2921 551 2980 sunt,
571 2912 748 2989 percipimus,
772 2922 856 2989 atque
877 2931 1001 2987 compre-

172 2987 341 3047 hendimus!
385 2991 430 3049 Ex
443 2992 545 3068 quibus
559 2992 664 3050 collatis
677 2993 751 3051 inter
765 3013 793 3051 se
810 3002 838 3051 et
859 3010 999 3067 compara·

170 3068 219 3137 tis,
230 3081 303 3127 artes
312 3091 423 3147 quoque
432 3073 578 3139 efficimus,
590 3073 693 3151 partim
703 3072 738 3131 ad
747 3094 830 3132 usum
842 3074 924 3138 ritae,
936 3089 999 3147 par-

172 3149 225 3207 tim
239 3151 275 3207 ad
289 3152 499 3212 oblectationem
514 3155 689 3213 necessarias.
729 3154 800 3211 lam
811 3150 1007 3209 serodom'ma

165 3248 259 3287 rerum
277 3233 325 3304 (ut
342 3253 390 3294 vos
402 3234 500 3296 soletis
515 3235 627 3315 diceret
641 3234 801 3313 eloquendi
810 3232 872 3294 *ins
882 3231 1038 3311 squamas&

152 3310 307 3385 praeclara,
325 3334 479 3400 quamque
490 3320 625 3382 diuinal
658 3317 903 3396 Quaepirmum
910 3304 1045 3359 &scm
