2367 3817
175 454 240 504 Car.
254 455 348 515 6253.
393 455 443 504 Du
460 412 613 505 Narona
631 452 799 506 DEORUM·
971 455 1005 500 oo

176 566 283 624 multae
296 574 325 624 et
338 567 455 644 merides
474 575 504 625 et
523 566 625 643 stirpes
637 574 712 634 aunt,
733 583 806 642 quae
825 563 885 622 sina
906 581 1003 640 procu-

176 646 281 705 ratione
294 648 441 705 hominum
456 648 548 706 salvae
562 666 619 704 esse
640 666 696 705 non
717 654 842 723 possunt.
884 644 1011 721 Magnae·

176 726 260 785 etiam
272 729 491 805 opportunitates
500 728 535 786 ad
544 728 653 785 cultum
661 727 810 785 hominum
819 735 904 802 atque
912 726 1007 784 abun-⁴

175 806 310 878 dantiam,
329 810 400 867 elias
413 810 475 867 aliis
489 810 519 867 in
532 808 598 867 locis
612 808 795 886 reperiuntur.
838 808 1002 883 Aegyptum

177 888 263 947 Nilus
277 889 382 967 irrigat,
397 899 436 959 et,
451 910 515 949 curn
527 899 586 949 tota
596 898 700 948 aestate
709 889 838 947 obrutam
849 887 1001 964 oppletam-

175 987 228 1045 que
237 970 339 1039 tenuit,
352 981 414 1029 tum
424 971 535 1039 recedit,
547 970 723 1046 mollitosque
734 978 763 1027 et
771 968 917 1027 oblimatos
925 988 1003 1044 agros

173 1049 209 1107 ad
223 1050 370 1109 serendum
385 1051 527 1128 relinquit.
568 1050 800 1129 Mesopotamiam
810 1048 930 1107 fertilem
940 1050 1001 1107 effi-

173 1130 212 1188 cit
225 1132 403 1210 Euphrates:
425 1134 455 1191 in
470 1152 554 1209 quam
570 1132 720 1209 quotannis
733 1130 812 1207 quasi
826 1150 911 1189 novos
923 1149 1001 1207 agros

172 1210 290 1271 invehit.
323 1212 899 1290 Induerero,quiestomniumfluminum
909 1212 1001 1270 maxi.

172 1310 246 1361 mus,-
268 1313 324 1352 non
338 1316 412 1372 aqua
426 1295 517 1354 solum
530 1316 609 1373 agros
621 1294 754 1353 laetificat
767 1303 796 1353 et
809 1293 931 1370 mitigat,
953 1293 1001 1351 sed

172 1392 217 1431 eos
231 1374 317 1433 etiam
331 1377 463 1435 conserit:
486 1395 618 1453 magnam
632 1375 708 1433 enim
723 1374 782 1433 vim
796 1374 936 1432 seminum
956 1393 1001 1430 se.

171 1473 236 1512 cum
251 1454 384 1514 frumenti
399 1456 535 1515 similium
546 1456 648 1513 dicitur
659 1455 809 1531 deportare.
852 1454 1001 1529 Multaque

170 1534 226 1593 alia
246 1536 277 1592 in
298 1536 360 1606 aliis
379 1537 445 1595 locis
466 1536 719 1594 commemorabilia
731 1535 849 1611 proferre
868 1553 998 1611 possum:

170 1615 276 1673 multos
288 1614 391 1674 fertiles
403 1636 492 1694 egros,
506 1616 573 1673 alios
586 1615 707 1674 aliorum
721 1616 874 1673 fructuum.

211 1696 296 1752 LIII.
318 1696 374 1755 Sed
395 1698 443 1755 illa
466 1708 573 1773 quanta
595 1695 751 1773 benignitas
774 1704 900 1764 naturae,
926 1696 1000 1771 quod

170 1785 230 1835 tam
241 1776 334 1835 multa
343 1778 379 1836 ad
388 1776 566 1845 vescendum,
580 1785 641 1834 tam
652 1776 737 1845 varia,
749 1786 863 1853 tamque
872 1776 1000 1854 jucunda

169 1857 278 1934 gignit!
300 1879 391 1935 neque
410 1879 444 1917 ea
464 1878 520 1918 une
541 1866 665 1936 tempore
684 1857 761 1926 anni,
787 1867 820 1916 ut
843 1877 951 1935 semper
969 1867 1000 1916 at

169 1939 293 1997 novitate
317 1939 494 2009 delectemur,
520 1948 549 1997 et
574 1938 659 2017 copia.
701 1937 794 2004 Quam
818 1938 998 2016 tempestivos

169 2028 264 2077 autem
276 2020 362 2090 dedit,
378 2042 464 2097 quarn
477 2020 611 2079 salutares
620 2041 675 2078 non
685 2020 766 2078 modo
777 2019 936 2088 hominum,
950 2021 1012 2079 sed-

169 2099 254 2158 etiam
279 2102 417 2179 pecudum
438 2101 540 2179 generi,
564 2100 598 2158 iis
619 2100 739 2177 denique
761 2100 899 2168 omnibus,
926 2120 997 2177 quae

168 2180 296 2240 oriuntur
310 2203 326 2240 e
340 2192 422 2251 terra,
438 2191 535 2240 ventos
552 2182 677 2240 Etesiae!
700 2200 820 2257 quorum
834 2181 905 2239 flatu
914 2182 996 2240 nimii

169 2271 358 2339 temperantur
374 2265 492 2323 calores:
513 2264 550 2321 ab
563 2262 663 2321 iisdem
677 2263 764 2321 etiam
783 2262 918 2321 maritimi
933 2284 995 2323 cur.

168 2361 215 2399 sus
229 2343 337 2412 celeres,
356 2356 385 2402 et
399 2344 465 2402 certi
480 2343 647 2420 diriguntur.
690 2343 785 2401 Multa
797 2345 1003 2420 praetereunda.

168 2430 244 2491 sunt,
271 2433 300 2479 et
314 2432 410 2481 tamen
433 2424 525 2481 multa
547 2424 689 2482 dicuntur.
731 2424 896 2482 Enumeran'
919 2426 995 2484 enim

166 2522 222 2561 non
237 2515 352 2580 possunt
364 2504 517 2562 fluminum
540 2504 774 2581 opportunitates:
796 2513 889 2564 aestus
910 2508 995 2566 mari·

167 2584 242 2653 timi,
264 2593 327 2642 tum
340 2586 507 2652 accedentes,
529 2593 592 2642 tum
614 2584 787 2643 recedentes:
809 2595 918 2645 montes
933 2608 996 2646 ves.

166 2664 223 2734 titi,
245 2674 329 2741 atque
343 2667 500 2725 silvestres:
523 2665 626 2725 salinae
639 2666 675 2724 ab
688 2686 735 2724 ora
748 2666 891 2726 maritima
904 2687 996 2727 remo.

165 2746 309 2804 tissimae:
339 2748 607 2805 medicamentorum
631 2746 794 2806 salutarium
819 2747 995 2825 plenissimae

166 2834 270 2885 terrae:
292 2838 365 2885 artes
378 2828 498 2905 denique
508 2828 733 2897 innumerabiles,
748 2828 784 2886 ed
796 2829 902 2888 victum
916 2841 945 2889 et
957 2833 994 2890 ad

166 2907 256 2965 ritam
280 2908 454 2967 necessariae.
495 2910 563 2968 Jam
586 2908 642 2966 diei
666 2909 809 2985 noctisque
833 2908 994 2969 vicissitudo

165 2996 308 3045 conservat
322 2989 487 3058 animantes,
511 2990 635 3048 tribuens
655 2988 732 3047 aliud
753 2989 852 3067 agendi
872 2999 992 3066 tempus,

164 3068 242 3127 aliud
255 3069 433 3144 quiescendi·
464 3071 511 3129 Sic
525 3068 649 3145 undique
663 3068 739 3128 omni
754 3071 859 3129 ratione
882 3071 992 3128 conclu-

164 3149 250 3217 ditur,
270 3159 364 3208 mente
378 3150 544 3228 consilioque
560 3150 656 3209 divino
670 3150 766 3208 omnia
777 3150 811 3208 in
822 3151 876 3207 lroc
888 3150 998 3204 nasas

147 3230 328 3362 aqualutem
343 3232 474 3292 omnium
489 3230 801 3309 conservationemque
808 3223 1026 3288 &sanandam

183 3309 351 3373 ministrari.
1055 3330 1058 3334 ·
