2367 3817
138 454 230 537 “Cart
244 453 284 514 lo,
294 452 334 501 11.
396 448 447 500 DE
465 450 624 501 NATURA
644 449 812 501 DEORUM.
950 452 998 501 128

204 566 242 624 Et
256 564 429 643 Chrysippus
449 564 502 623 tibi
522 572 605 623 acute
625 563 714 623 dicere
732 564 887 635 ridebatur,
910 566 1003 625 homo·

165 647 226 707 sine
239 646 326 705 dubio
340 654 469 705 versutus
483 655 511 704 et
525 644 650 703 callidus.
691 650 713 678 “
728 646 878 705 Versutos”
888 666 933 705 eos
946 667 998 725 ep-

167 727 251 807 pello,
272 746 392 805 quorum
412 726 535 785 celeriter
560 745 641 787 mens
662 735 803 786 versatur:
835 733 854 760 “
868 728 997 787 callidos”

166 818 274 877 autem,
296 828 426 885 qnorum,
448 816 583 884 tanquam
597 827 699 867 manus
712 827 801 884 opere,
826 808 864 867 sio
884 808 997 869 enimus

165 907 219 949 usu
234 888 390 949 concalluit.
433 887 463 952 Is
484 887 579 966 igitur,
603 894 623 921 “
637 889 660 947 si
674 888 780 964 aliquid
801 889 870 957 est,”
891 889 996 966 inquit,

165 978 187 1005 “
200 971 275 1048 quod
290 972 374 1029 homo
387 969 494 1028 efficere
507 990 563 1028 non
584 969 680 1047 possit,
696 968 766 1047 quid
789 968 883 1037 efficit,
901 970 999 1029 melior

168 1062 210 1111 est
219 1052 343 1111 homine.
385 1051 478 1109 Homo
486 1059 581 1109 autem
593 1051 670 1119 haec,
685 1069 756 1126 quae
766 1049 796 1107 in
805 1049 910 1109 mundo
921 1060 1004 1120 sunt,

166 1133 273 1193 efficere
287 1153 342 1191 non
356 1140 464 1210 potest:
487 1130 535 1208 qui
546 1130 640 1209 potuit
651 1131 746 1209 igitur,
767 1130 791 1189 is
804 1140 925 1208 praestat
945 1131 998 1191 ho-

165 1213 246 1273 mini.
282 1212 400 1272 Homini
410 1221 507 1272 autem
516 1223 655 1290 praestare
665 1212 728 1291 quis
738 1212 833 1290 possit,
845 1212 900 1272 nisi
911 1212 995 1271 deus?

168 1303 211 1353 est
224 1294 310 1373 igitur
323 1295 418 1353 deus?

177 1425 179 1430 .
208 1376 288 1435 Haeo
308 1375 403 1434 omnia
422 1375 453 1433 in
472 1374 580 1443 eodem,
610 1394 665 1451 quo
686 1374 735 1433 illa
756 1374 886 1442 Zenonis,
908 1395 998 1433 errore

168 1465 324 1515 versantur.
365 1455 441 1521 Quid
454 1456 530 1513 enim
545 1454 582 1513 sit
592 1455 702 1522 melius,
717 1454 785 1531 quid
795 1454 997 1531 praestabilius,

171 1536 241 1613 quid
254 1536 328 1595 inter
340 1544 473 1593 naturam
487 1543 516 1592 et
529 1534 667 1593 rationem
680 1534 807 1603 intersit,
820 1554 877 1592 non
897 1533 1007 1594 distin..

170 1617 275 1694 guitur.
318 1616 464 1691 Idemque,
477 1614 500 1672 si
514 1614 559 1673 dei
569 1634 626 1673 non
640 1614 707 1682 sint,
722 1623 804 1691 negat
813 1635 871 1674 esse
881 1614 911 1673 in
922 1616 999 1675 omni

168 1706 271 1756 natura
283 1696 437 1773 quidquam
451 1694 565 1754 homine
584 1695 694 1754 melius.
736 1695 770 1754 Id
790 1705 886 1754 autem
900 1706 999 1773 putare

169 1797 341 1854 quemquam
355 1775 508 1845 hominem,
523 1775 594 1834 nihil
605 1775 719 1835 homine
730 1776 906 1845 essemelius,
920 1798 1000 1836 sum.

168 1878 232 1917 mae
255 1857 427 1937 arrogantiae
450 1866 543 1916 censet
569 1877 634 1916 esse.
676 1857 721 1916 Sit
748 1878 813 1917 sane
836 1859 998 1936 arrogantis,

168 1939 256 2018 pluris
270 1960 298 1999 se
308 1949 416 2018 putare,
431 1958 517 2015 quam
528 1938 678 1997 mundum.
720 1938 763 1999 At
772 1938 843 1998 illud
851 1960 906 1999 non
915 1940 1005 2001 modo.

168 2040 224 2079 non
245 2020 407 2099 arrogantis,
435 2039 464 2078 se
485 2019 578 2098 potius
606 2019 761 2097 prudentis,
795 2020 948 2098 intelligere
970 2041 999 2080 se

170 2101 271 2161 habere
284 2121 397 2162 sensum
410 2109 438 2159 et
451 2101 587 2160 rationem
598 2122 607 2170 3
631 2099 699 2159 haec
713 2101 811 2159 eedem
825 2100 956 2160 Orionem
971 2111 1000 2161 et

170 2182 334 2243 Caniculam
348 2202 405 2242 non
419 2182 528 2240 habere.
570 2182 619 2250 Et,
638 2187 658 2213 ‘¹
672 2181 695 2240 si
709 2181 809 2240 domus
822 2182 937 2260 pulchra
950 2183 997 2254 eit,

169 2263 360 2342 intelligamus
369 2282 431 2323 eam
443 2262 592 2335 dominis,”
603 2262 706 2340 inquit,
718 2269 738 2296 “
748 2263 922 2322 aedificatam
931 2284 1000 2334 esse,

169 2364 226 2403 non
238 2345 365 2403 muribus
371 2365 380 2414 3
402 2344 441 2401 sic
451 2343 538 2420 igitur
545 2344 686 2402 mundum
696 2344 810 2402 deorum
821 2344 938 2404 domum
948 2365 1000 2403 ex.

167 2425 292 2484 istimare
305 2426 464 2483 debemus.’'
495 2425 540 2483 Ita
549 2444 659 2503 prorsus
669 2424 868 2495 existimarem,
883 2425 906 2483 si
917 2426 999 2485 illum

171 2505 358 2575 aedificatum,
380 2525 446 2573 non,
467 2505 705 2582 quemadmodum
730 2504 840 2577 docebo,
861 2516 1001 2567 enatura

173 2585 375 2646 conformatum
388 2595 526 2665 putarem.

210 2668 267 2727 XI.
289 2670 331 2727 At
345 2668 421 2726 enim
431 2667 539 2743 quaerit
552 2666 629 2746 apud
639 2667 853 2745 Xenophontem
863 2668 999 2739 Socrates,

172 2747 246 2806 unde
257 2749 382 2808 animam
393 2748 604 2827 arripuerimus,
616 2748 639 2807 si
651 2747 731 2807 nulla
744 2748 827 2808 fuerit
840 2748 869 2808 in
884 2750 1000 2810 mundo.

171 2829 210 2887 Et
223 2849 273 2906 ego
287 2849 397 2906 quaero,
418 2829 493 2888 unde
507 2829 669 2898 orationem,
690 2828 765 2888 unde
784 2850 924 2901 numeros,
945 2851 999 2890 un·

172 2909 207 2967 de
227 2918 344 2971 cantusr
372 2910 428 2968 nisi
448 2930 512 2969 vero
533 2910 610 2987 loqui
637 2909 722 2969 solem
744 2929 808 2969 cum
829 2911 898 2971 luna
917 2921 1000 2989 puta·

172 3010 247 3060 mus,
269 3009 333 3048 cum
347 2989 459 3068 propius
472 2990 625 3061 accesserit,
646 2990 746 3049 autad
765 2991 941 3051 harmoniam
955 3011 1001 3050 ca·

172 3091 238 3130 nere
258 3071 409 3141 mundum,
430 3081 464 3130 ut
485 3072 656 3149 Pythagoras
677 3070 828 3131 existimat.
872 3071 1000 3130 Naturae

171 3152 227 3212 ista
239 3161 316 3220 sunt,
338 3152 434 3221 Balbe,
454 3161 571 3211 naturae
584 3171 642 3212 non
661 3150 1011 3213 artificioseamtxutaut'xe,

169 3242 202 3290 ut
213 3232 255 3291 ait
267 3234 357 3304 Zeno,
375 3231 468 3313 (quod
482 3234 605 3315 quidem
613 3234 702 3314 quus
713 3234 767 3301 sit,
775 3224 1041 3308 'qumquem-usq

155 3310 207 3371 ced
220 3314 319 3378 onmia
333 3316 441 3382 cientis
456 3328 489 3383 et
501 3317 654 3409 agitanda
665 3315 811 3379 moruus
828 3316 866 3365 et
881 3302 1055 3358 mmm
