2367 3817
271 252 300 301 t:
323 263 451 301 miserius
464 264 541 301 emm
555 268 677 302 sturnus
690 278 758 320 qum
766 283 912 321 possm„

270 324 316 382 ide
329 324 404 401 quod
417 324 458 381 ito
471 324 563 382 multa
572 331 639 381 sunt
649 323 824 382 incommoda
835 324 864 381 in
879 324 915 381 vit

268 403 353 462 ientes
367 403 574 463 commodorum
588 404 809 481 compensatione
822 404 914 462 lenian

281 485 370 543 vitare
384 485 525 543 venientia
537 484 653 561 possint,
674 504 725 543 neo
737 484 807 542 ferre
820 504 913 562 praese

265 566 295 624 Κ.
316 565 372 633 Qui
386 586 450 624 vero
470 565 611 624 muudum
624 565 718 642 ipsum
737 566 910 623 animantem

264 666 328 723 tque
339 667 396 705 esse
409 646 549 715 dixerunt,
563 646 641 705 nulio
652 646 734 705 modo
745 646 874 704 viderunt
887 666 910 704 ar

262 748 318 799 om,
340 728 525 806 intelligentes
538 728 568 785 iu
582 746 669 803 quem
682 726 800 805 figurem
822 726 909 785 cadere

262 829 317 886 quo
327 809 418 868 dicam
429 808 559 886 equidem
568 809 729 886 paulopost.
772 807 803 866 N
806 827 859 866 uno
869 827 905 867 au

260 910 296 948 us
309 890 465 949 admirabor
478 910 574 950 eorum
595 888 768 957 tarditatem,
790 888 839 965 qui
856 888 906 947 sui:

258 971 413 1037 mortalem,
432 980 461 1027 et
474 970 594 1028 eundem
608 972 731 1037 beatum,
753 968 905 1028 rotundum

257 1058 277 1117 t,
308 1049 382 1127 quod
403 1070 436 1107 ea
456 1049 545 1107 forma
567 1049 656 1106 ullam
679 1057 761 1125 neget
784 1068 842 1106 esse
855 1048 903 1124 pul

256 1139 303 1189 rto.
345 1129 472 1187 Armini
486 1129 530 1186 vel
545 1128 674 1206 cylindri,
696 1128 741 1186 vel
754 1127 892 1205 quadrati,

254 1208 432 1288 ‚pmamidir
460 1208 571 1269 videtur
595 1229 652 1268 esse
678 1209 828 1269 formosior.
870 1208 901 1275 Q·

253 1293 347 1351 buitur
360 1291 420 1349 vita
433 1290 487 1350 isto
500 1290 618 1350 rotundo
632 1290 705 1349 deo?
752 1290 863 1369 Nempe
877 1311 899 1349 u

251 1380 295 1431 ote
309 1379 530 1449 contorqueatur,
545 1373 589 1431 oui
603 1392 654 1449 par
663 1372 742 1429 nulia
754 1392 790 1430 ne
804 1372 898 1449 cogita]

250 1454 306 1512 ssit.
349 1454 384 1510 In
398 1473 455 1530 qua
467 1473 522 1511 non
538 1454 629 1522 video,
644 1453 759 1512 ubinam
774 1472 853 1510 mens
867 1472 896 1511 oo

248 1544 274 1592 tu
286 1534 368 1592 besto
387 1534 473 1611 possit
493 1534 627 1593 insistere.
669 1532 804 1610 Quodque
818 1532 849 1590 in
868 1553 895 1590 m

249 1634 286 1665 m.
308 1614 331 1668 si
345 1615 465 1673 minima
478 1635 513 1673 ex
526 1624 604 1682 porte
618 1613 796 1691 significetur,
817 1614 894 1671 mole:
