2367 3817
172 465 235 513 Gar.
247 462 306 509 ‘2-3.
387 452 437 509 DE
454 459 607 511 NATURA
624 458 793 510 DEORUM.
968 460 999 506 ol

172 574 270 633 seculis
290 573 482 651 aetatibusque
503 573 651 631 hominum
677 572 832 632 inveterare
858 572 1002 651 potuisset.

172 655 288 715 Etenim
301 654 440 725 ridemus,
465 663 584 713 caeteras
598 654 739 732 opiniones
759 654 837 713 fictas
851 664 936 731 atque
951 671 1003 711 va·

171 756 221 794 nas
241 735 429 795 diuturnitate
449 733 615 793 extabuisse.
657 731 726 802 Quis
754 734 829 793 enim
850 734 1000 812 hippocen-

172 826 286 885 taurum
299 816 392 884 fuisse,
417 824 469 874 aut
487 814 656 873 chimaeram
677 819 782 893 putat?
802 831 910 892 ‘quaeve
930 834 1001 873 anus

171 908 231 955 tam
245 917 339 955 excors
349 895 469 953 inveniri
481 905 581 972 potest,
604 915 674 971 quae
689 896 745 963 illa,
768 915 839 971 quae
859 894 1001 972 quondam

171 978 362 1045 credebantur,
377 976 454 1054 apud
467 976 566 1033 inferos
579 984 707 1053 portenta
717 975 901 1033 extimescat?
931 974 1000 1052 Opi·

171 1058 290 1115 nionum
306 1056 382 1115 enim
397 1066 553 1115 commenta
573 1056 646 1114 delet
668 1055 746 1124 dics;
768 1064 884 1113 naturae
894 1055 1001 1133 judicia

173 1137 325 1196 continuat.
367 1140 468 1213 ltaque
481 1147 509 1193 et
523 1136 552 1193 in
561 1145 654 1195 nostro
668 1136 778 1214 populo,
793 1145 822 1194 et
835 1136 998 1205 incaeteris,

172 1218 287 1276 deorum
301 1218 382 1277 cultis
403 1217 622 1295 religionumque
642 1218 801 1276 sanctitates
822 1217 948 1276 existunt
969 1218 999 1274 in

172 1298 229 1357 dies
242 1300 359 1376 majores
379 1309 463 1375 atque
483 1298 620 1357 meliores.
662 1298 751 1375 ldque
772 1300 864 1357 evenit
886 1319 941 1357 non
956 1309 1000 1356 te·

170 1400 256 1449 mere,
278 1400 414 1453 necessu,
436 1379 484 1437 sed
498 1377 573 1457 quod
584 1380 770 1456 praesentiam
785 1399 864 1458 saepe
878 1380 936 1437 divi
951 1400 998 1439 su·

170 1481 217 1519 am
231 1460 389 1520 declarant:
414 1470 445 1519 ut
459 1469 488 1518 et
499 1460 574 1537 apud
585 1460 727 1536 Regillum
736 1459 808 1517 bello
823 1460 998 1527 Latinorum,

171 1561 235 1600 cum
258 1537 295 1599 Αἵ
318 1535 476 1601 Postumius
503 1541 622 1597 dictator·
643 1560 708 1598 cum
732 1539 850 1597 Octavio
872 1540 999 1598 Mamilio

172 1623 329 1698 Tusculano
343 1615 445 1701 praelio
459 1620 614 1687 dimicaret,
639 1620 669 1677 in
682 1629 776 1678 nostra
789 1619 847 1677 acie
861 1620 958 1678 Castor
971 1634 1000 1679 et

172 1702 272 1760 Pollux
285 1722 319 1759 ex
333 1703 412 1778 equis
424 1716 547 1779 pugnare
562 1700 614 1758 visi
628 1709 713 1759 sunt:
736 1709 764 1758 et
777 1700 925 1760 recentiore
939 1721 998 1759 me·

170 1782 259 1841 moria
269 1782 354 1840 iidem
366 1780 543 1859 Tyndaridae
554 1782 653 1838 Persen
668 1780 776 1839 victum
788 1781 998 1840 nuntiaverunt.

172 1864 203 1920 P.
223 1864 299 1921 enim
322 1861 468 1931 Votienus,
490 1882 560 1921 arus
580 1863 666 1940 hujus
685 1861 873 1932 adolescentis,
898 1883 961 1921 cum
984 1887 998 1921 e

169 1945 340 2024 praefectura
351 1944 471 2001 Reatina
484 1944 604 2003 Romam
615 1942 738 2002 venienti
752 1952 837 2002 noctu
846 1943 902 2003 duo
912 1949 1001 2022 juve.

171 2044 220 2082 nes
233 2045 298 2083 curn
312 2024 390 2101 equis
403 2024 473 2083 albis
494 2024 637 2093 dixissent,
659 2043 753 2101 regem
769 2024 869 2083 Persen
891 2025 937 2084 illo
952 2025 997 2083 die

172 2118 301 2182 captum,
308 2105 416 2164 senatui
423 2104 567 2163 nuntiavit
576 2127 585 2174 ;
609 2116 637 2163 et
647 2103 746 2183 primo,
761 2104 839 2181 quasi
850 2115 953 2164 temere
964 2107 997 2164 dc

172 2186 311 2264 republica
324 2186 444 2254 locutus,
466 2186 494 2243 in
517 2204 652 2245 carcerem
673 2186 811 2263 conjectus
825 2195 884 2244 est:
905 2197 997 2265 posta

172 2266 257 2340 Paulo
271 2266 358 2325 literis
378 2267 479 2336 allatis,
500 2286 565 2324 cum
586 2266 663 2325 idem
682 2266 741 2325 dies
761 2267 926 2326 constitisset
937 2290 946 2337 ;
969 2279 997 2326 et

171 2367 263 2423 agros
276 2356 384 2413 senatu,
398 2357 427 2405 et
436 2347 578 2405 vacatione
588 2347 707 2406 donatus
717 2357 768 2406 est·
804 2348 900 2425 Atque
910 2350 996 2407 etiam

172 2447 237 2485 curn
250 2427 286 2485 ad
300 2427 421 2495 flurium
441 2428 557 2504 Sagram
578 2428 750 2487 Crotoniatas
773 2429 852 2487 Locri
872 2430 996 2487 maximo

171 2507 273 2583 praelio
286 2506 460 2582 devicissent,
475 2528 506 2565 eo
520 2506 577 2584 ipso
591 2508 636 2566 die
646 2507 772 2567 auditam
781 2529 839 2567 esse
849 2530 910 2567 eam
925 2530 997 2587 pug-

170 2607 237 2645 nam
248 2587 322 2646 ludis
332 2588 489 2665 Olympiae,
502 2588 651 2648 memoriae
661 2588 803 2667 proditum
818 2602 866 2647 est.
910 2591 997 2668 Saepe

171 2669 332 2727 Faunorum
349 2689 425 2727 voces
439 2669 599 2739 exauditae,
620 2690 700 2747 saepe
714 2670 788 2729 visae
808 2670 911 2728 formae
931 2671 996 2730 deo·

169 2770 243 2819 rum,
265 2750 403 2826 quemvis}
424 2770 479 2809 non
495 2761 545 2809 aut
564 2750 694 2809 hebetem
708 2760 758 2808 aut
781 2750 909 2828 impium,
932 2752 995 2810 deos

168 2840 323 2906 praesentes
337 2851 394 2889 esse
403 2830 532 2894 confiteri
547 2839 703 2909 coegerunt.

210 2911 267 2967 111.
289 2911 489 2969 Praedictiones
503 2932 576 2980 sero,
591 2921 620 2968 et
630 2910 832 2987 praesensiones
843 2932 935 2971 rerum
950 2914 994 2971 su-

168 2999 304 3059 turarum,
334 2992 402 3068 quid
423 2992 500 3049 aliud
520 2992 669 3057 declarant,
698 2990 752 3047 nisi
773 2991 932 3050 hominibus
953 3014 994 3059 ea,

168 3091 239 3147 quae
253 3073 320 3142 sint,
341 3072 457 3140 ostendi,
479 3070 636 3140 monstrari,
652 3071 788 3147 portendi,
809 3073 943 3149 praedici?
961 3094 996 3129 ex

168 3171 223 3226 quo
238 3152 286 3209 illa
310 3161 426 3220 ostenta,
437 3161 581 3221 monstra,
602 3160 744 3229 portenta,
760 3152 891 3228 prodistis
899 3151 1005 3203 disan.

166 3242 219 3288 tur.
263 3230 343 3298 Quod
357 3233 381 3291 si
398 3254 433 3293 ea
454 3232 523 3293 ficta
542 3232 691 3294 credimus
705 3231 835 3289 licentia
848 3225 1036 3281 tessaram,

152 3308 301 3386 Mopsum,
316 3314 473 3391 Tiresiam,
489 3318 734 3399 Ampliraraum,
743 3293 1036 3370 missnensem&
