2367 3817
313 297 372 355 ipsa
383 279 505 337 incidens
515 280 545 336 in
553 279 683 337 umbrem
690 290 788 347 terrae,
799 291 864 338 eum
871 288 914 337 est

311 359 475 436 intemositu
488 359 690 437 interjeetuque
701 368 800 429 teme,
813 369 922 437 repente

311 438 429 517 demque
443 440 539 518 spat-iis
552 441 606 497 hee
619 440 724 509 stellae,
745 459 814 517 ques
834 459 918 518 vagus

310 539 373 578 cum
394 529 497 578 terrum
517 519 654 590 feruntur,
682 519 833 597 eodemque
851 520 925 579 med(

309 601 445 670 occidunt,
468 619 587 679 quarum
601 610 694 659 metus
707 609 772 659 tum
785 601 926 660 innitente

309 681 419 752 dentur,
442 701 521 761 saepe
535 681 621 740 etiem
635 682 777 740 insistunt.
817 682 882 749 Quo
894 701 927 759 sp

307 770 397 839 potest
410 761 601 821 admirabilius
621 781 688 831 esse,
714 761 787 820 nihil
807 762 929 840 pulchrit

307 843 449 903 stellarum
464 843 648 903 inerrantium
668 843 794 902 maxime
813 843 930 902 multitu

306 923 347 982 ite
366 924 502 1002 descripte
515 924 656 983 distinctio
667 933 719 992 est,
739 933 774 981 ut
786 937 823 983 ex
834 932 932 982 notatu

306 1005 488 1062 similitudine
501 1006 617 1063 nomine
626 1003 792 1064 invenerint.

343 1085 424 1143 XLI.
439 1084 536 1162 Atque
545 1085 598 1143 hoe
608 1085 666 1144 loeo
675 1103 723 1143 me
732 1085 854 1154 intuens,
867 1093 935 1153 utet

303 1165 426 1224 minibus
441 1165 532 1234 Arati,
547 1165 595 1233 eis,
610 1185 682 1243 quee
694 1185 712 1224 e
724 1164 936 1225 teedmedume

301 1265 439 1317 converse,
453 1245 495 1306 ite
505 1266 550 1305 me
560 1247 707 1316 delectent,
719 1246 896 1324 quielaetine
905 1265 938 1304 su

300 1347 334 1386 ex
349 1327 383 1385 iis
396 1326 530 1386 memorie
543 1336 662 1385 teneam
704 1328 786 1406 Ergo,
807 1335 842 1386 ut
854 1326 939 1385 oculis

301 1409 409 1475 demus,
430 1407 489 1465 sine
502 1406 560 1466 ulle
572 1407 739 1477 mutatione,
760 1417 811 1467 eut
824 1407 940 1467 vertetu

311 1497 314 1503 Ι
332 1521 349 1562 ’“
358 1531 464 1582 menn
475 1532 592 1582 labuntur
604 1532 678 1582 eeleri
686 1532 801 1582 eoelestia
812 1503 891 1592 motu,

362 1597 428 1648 Cum
438 1597 555 1664 eoeloque
565 1599 640 1649 simul
650 1603 784 1664 noctesque
795 1599 896 1664 diesque
907 1597 943 1648 fer

296 1729 415 1787 quorum
436 1712 668 1789 contemplatione
693 1710 799 1770 nullius
818 1709 923 1788 expleri
942 1733 943 1736 ¹

295 1811 368 1859 mus,
389 1801 505 1851 naturae
518 1792 701 1851 eonstentiem
715 1789 809 1846 videre
821 1790 941 1839 mntem:
