2367 3817
167 478 232 527 Car.
243 477 286 539 62,
296 476 337 525 63.
390 475 453 527 »DE
470 474 807 530 NATURA-DEORUM.
949 478 1001 528 1⁰9³

168 584 204 647 de
218 589 333 658 vitibus,
347 589 510 666 olivetisque
524 590 639 649 dicam?
660 609 779 667 quarum
792 590 923 649 uberrimi
939 592 998 650 lae.

169 669 327 747 tissimique
338 665 445 728 fructus
458 671 530 729 nihil
544 670 659 730 omnino
671 671 706 730 ad
724 672 825 731 bestias
845 673 997 750 pertinent.

170 750 274 829 Neque
288 750 364 810 enim
384 751 491 809 serendi
511 772 602 829 nequa
623 752 738 823 colendi,
760 772 811 811 nec
831 754 997 831 tempestiva

170 832 328 890 demetendi
342 832 564 909 percipiendique
577 834 692 901 fructus,
713 852 805 910 neque
818 833 951 892 condendi
965 854 997 892 ac

169 912 318 991 reponendi
332 912 391 970 ulla
403 913 541 990 pecudum
555 915 671 974 scientia
684 922 743 973 est:
765 933 917 990 earumque
935 935 997 973 om-

170 994 251 1054 nium
264 1013 368 1062 rerum,
382 994 530 1054 hominum
545 1007 586 1054 est
601 1007 629 1054 et
643 1015 721 1065 usus,
734 1004 763 1054 et
777 1015 851 1053 cura.

213 1075 327 1133 LXIII.
349 1074 393 1132 Ut
406 1074 473 1133 fides
487 1075 574 1153 igitur
583 1087 611 1135 et
623 1076 705 1135 tibias
715 1095 811 1135 eorum
822 1094 904 1134 causa
913 1074 1000 1134 factas

171 1155 320 1219 dicendum
334 1165 385 1225 est,
396 1158 445 1233 qui
459 1156 514 1215 illis
528 1158 571 1215 uti
585 1166 719 1235 possunt3
741 1157 831 1227 sicea,
844 1155 999 1233 quaedixI.

171 1256 245 1305 mus,
259 1236 294 1295 iis
308 1237 372 1295 eolis
385 1237 574 1297 confitendum
588 1248 630 1297 est
644 1247 819 1317 coaeparata,
841 1238 890 1314 qui
912 1246 1000 1297 utun·

172 1327 238 1377 tur:
261 1338 311 1376 nec
325 1319 348 1377 si
362 1338 433 1395 quae
446 1320 550 1378 bestiae
563 1320 693 1379 iurantur
705 1319 812 1396 aliquid
825 1339 862 1377 ex
874 1318 936 1387 his,¹
949 1329 1001 1378 aut

172 1399 295 1478 rapiunt,
309 1400 420 1458 illarum
435 1420 545 1477 quoque
558 1421 641 1459 causa
653 1422 686 1460 ea
700 1410 768 1459 nate
788 1419 845 1457 esse
866 1398 1000 1457 dicemus.

174 1480 278 1557 Neque
292 1480 367 1537 enim
381 1480 509 1538 homines
521 1482 649 1539 murium
662 1489 713 1540 aut
726 1480 904 1539 formicarum
919 1499 1003 1539 causa

173 1560 347 1619 frumentum
363 1560 495 1628 condunt,
517 1562 564 1619 sed
576 1563 725 1639 conjugum
748 1569 777 1618 et
797 1560 945 1617 liberorum
973 1571 1002 1618 et

174 1640 344 1699 familiarum
359 1660 491 1698 suarumr
512 1642 608 1717 itaque
625 1642 728 1700 bestiae
747 1640 855 1708 furtim,
879 1647 912 1698 ut
933 1638 1004 1708 dixi,

174 1722 328 1790 fruuntur3
350 1720 456 1778 domini
470 1721 562 1799 palam
577 1729 605 1779 et
615 1722 708 1780 libere.
751 1720 907 1779 Hominum
917 1719 1004 1797 igitur

176 1822 259 1863 causa
279 1821 324 1860 eas
348 1821 441 1859 rerum
464 1802 554 1880 copias
578 1810 749 1881 comparatas
772 1801 916 1861 fatendum
942 1810 1002 1869 est3

175 1883 229 1942 nisi
243 1883 318 1956 forte¹
327 1891 407 1942 tanta
420 1884 532 1942 ubertas
545 1892 573 1942 et
587 1885 705 1943 varietas
718 1902 875 1962 pomorum,
894 1902 1004 1942 eorum-

176 1983 230 2041 que
240 1964 382 2043 jucundus
395 1984 450 2023 non
466 1973 594 2043 gratatus
604 1966 707 2034 solum,
720 1964 766 2024 sed
781 1965 910 2024 odoratus
918 1963 1005 2022 etiam

175 2055 204 2103 et
227 2045 372 2122 adspectus
394 2046 598 2105 dubitationem
629 2045 718 2114 affert,
744 2046 812 2122 quin
844 2045 1005 2103 homiuibus

177 2125 241 2185 eolis
254 2145 287 2184 ea
300 2135 401 2185 natura
413 2126 575 2186 donaverit:
599 2136 768 2203 tantumque
781 2128 868 2194 abest,
884 2134 916 2183 ut
937 2125 1006 2183 haec

175 2206 327 2266 bestiarum
341 2208 428 2265 etiam
442 2227 525 2266 causa
544 2216 642 2287 perata
659 2208 725 2277 sint,
752 2215 785 2265 ut
809 2207 881 2285 ipsas
903 2205 1006 2265 bestias

175 2288 324 2348 hominum
333 2288 422 2365 gratia
432 2297 573 2365 generetur
584 2299 642 2348 ease
653 2289 807 2348 videamus.
843 2286 917 2355 Quid
929 2288 1005 2345 enim

177 2388 242 2427 ores
255 2368 332 2426 aliud
345 2368 536 2437 afferunt,nisi
548 2379 687 2427 uteorum
698 2369 773 2427 villis
782 2368 910 2427 coniectis
921 2378 1005 2443 atque

178 2448 314 2506 contextis
327 2448 453 2506 homines
467 2450 645 2508 vestiantur?
690 2447 768 2514 Quae
781 2447 894 2525 quidem
915 2467 1006 2523 neque

177 2528 215 2587 eli
229 2548 321 2605 neque
335 2529 494 2598 sustentari,
508 2548 599 2607 neque
612 2529 704 2588 ullum
724 2529 847 2588 fructum
871 2530 949 2587 edere
970 2548 1005 2587 ex

178 2629 215 2678 se,
245 2610 304 2667 cine
332 2609 411 2667 cultu
438 2609 586 2668 hominum
615 2618 643 2669 et
671 2609 812 2669 curatione
841 2610 1005 2687 potuissent.

179 2690 290 2751 Canum
304 2710 369 2750 vero
383 2699 442 2748 tam
457 2689 514 2749 fida
527 2690 660 2759 custodia,
677 2701 792 2768 tamquo
805 2711 902 2749 amans
916 2690 1006 2748 domi·

178 2790 279 2829 norum
299 2771 433 2838 adulatio,
457 2781 627 2849 tantumque
650 2772 748 2830 odium
772 2773 801 2829 in
826 2780 963 2838 externos,
978 2780 1006 2829 et

178 2862 239 2909 tam
253 2850 420 2909 incredibilis
433 2852 469 2911 ad
483 2852 710 2930 investigandum
731 2853 863 2928 sagacitas
883 2851 1005 2916 narium,

179 2941 260 2990 tanta
273 2932 398 2990 alacritas
412 2931 441 2990 in
455 2934 593 3003 venando,
608 2932 676 3008 quid
689 2933 825 3009 significat
844 2932 930 3000 aliud,
952 2931 1006 2988 nisi

179 3032 208 3069 se
221 3012 257 3070 ad
271 3012 417 3070 hominum
433 3013 644 3072 commoditates
654 3032 711 3071 esse
725 3016 888 3089 generatos?
932 3009 1008 3076 Quid

179 3092 214 3151 de
227 3094 314 3152 bobus
327 3093 446 3169 loquar?
469 3114 590 3170 quorum
612 3094 671 3172 ipae
692 3102 768 3169 terga
788 3093 927 3151 declarant
951 3110 1007 3148 nou

180 3194 238 3236 asse
252 3193 281 3232 re
294 3173 330 3231 ed
344 3194 413 3232 onus
426 3174 619 3253 accipiendum
627 3173 768 3251 figurata:
788 3174 1023 3229 oecumenem

173 3265 258 3311 ”⁸⁸⁸³
278 3255 316 3311 fid
332 3255 462 3333 jugum:
485 3270 553 3316 tum
573 3256 652 3316 vires
669 3257 872 3315 bumerorum
888 3256 925 3311 et
932 3241 1051 3318 Xatxtxxf

165 3332 253 3399 ‘linea
265 3334 410 3397 adaram
422 3339 615 3401 extrahenda
628 3362 639 3412 ;
659 3338 791 3417 quinus,
800 3308 1066 3388 camoenam
