2367 3817
282 235 325 275 im
353 242 524 295 urrrnumqu„

287 298 323 356 sit
337 307 365 356 et
381 300 461 358 beata
474 309 575 359 natura
588 309 617 358 et
631 308 750 358 aeterna.

277 378 342 435 [lX.
365 379 484 438 Summa
499 400 562 437 vero
578 380 620 437 vis
636 380 781 438 infinitatis
801 398 903 458 magna

275 457 290 514 ;i
305 460 536 537 contemplatione
550 460 712 537 dignissima
728 470 788 519 est:
811 462 840 518 in
855 482 910 537 qua

272 558 322 596 >ssa
335 548 386 608 est,
401 559 463 598 eam
477 549 688 608 emanaturam,
705 551 736 599 ut
747 542 841 600 omnia
851 561 916 600 omn

270 640 289 677 rs
303 620 380 698 paria
399 621 589 700 respondeant.
633 622 714 680 Hanc
734 621 898 693 ’ἰσονομίαν

269 721 371 771 eurus;
393 701 422 760 id
437 713 487 772 est,
501 702 675 779 aequabilem
690 703 879 762 tributionem.

266 803 298 842 ur
311 783 381 842 illud
401 785 529 853 efficitur,
553 785 576 843 si
601 784 762 842 mortalium
783 792 862 841 tanta
885 804 912 842 rn

274 884 331 923 asse
345 866 548 925 immortalium
561 885 617 923 non
632 865 787 923 minorem:
810 873 838 922 et
853 865 884 933 si,
900 886 910 939 r

260 954 355 1014 mant,
368 945 582 1004 innumerabilia
595 945 661 1013 sint,
677 946 762 1003 atiani
777 965 817 1012 ea,
840 965 908 1021 quae

258 1033 287 1092 rt,
303 1025 413 1083 infinita
426 1045 484 1082 asse
497 1025 603 1081 debere.
647 1026 684 1081 Et
699 1044 827 1099 quaerere
840 1044 858 1082 a
870 1044 905 1081 no

268 1103 368 1171 solatis,
383 1123 455 1179 quaa
468 1102 528 1158 vita
541 1102 655 1158 deorum
669 1102 715 1168 sit,
730 1121 855 1177 quaeque
875 1103 903 1158 al

253 1204 291 1242 ur
313 1192 397 1242 aetas.
440 1183 482 1240 Ea
505 1180 642 1248 videlicet,
658 1201 714 1258 qua
731 1181 802 1238 nihil
823 1182 901 1239 beati·

250 1264 338 1322 nibus
364 1262 443 1323 bonis
470 1262 630 1322 affluentius
661 1262 773 1338 cogitari
806 1270 896 1339 potest

248 1365 283 1403 m
310 1344 387 1423 agit:
415 1345 500 1404 nullis
527 1344 751 1423 occupationibus
782 1353 823 1401 est
853 1343 892 1401 im

248 1425 285 1484 lla
299 1446 380 1504 opera
393 1426 526 1485 moliturz
549 1446 600 1484 sua
614 1426 749 1504 rapientia
759 1434 787 1483 et
799 1425 893 1483 virtut

244 1506 290 1565 bet
304 1505 487 1585 exploratum,
502 1507 558 1566 fore
579 1527 608 1565 se
628 1526 736 1584 semper
755 1514 817 1564 tum
838 1507 867 1564 in

241 1606 269 1644 rn
283 1588 313 1646 in
326 1588 445 1646 aetemir
459 1588 658 1666 voluptatibus.

542 1670 548 1680 ⁴
588 1671 595 1686 ·
642 1678 701 1699 ·.--«
713 1667 884 1721 azmotmun:
