2367 3817
117 1717 120 1738 ι

117 1749 120 1764 r

117 1873 120 1894 i

117 1923 124 2048 l

117 2061 121 2084 r

117 2089 122 2156 l

117 2219 119 2254 Ι
154 2253 156 2257 ,

117 2319 122 2334 .

436 800 477 857 Μ.
500 799 641 857 TULLII
664 800 878 861 CICERONIS

1004 932 1012 964 ¹·
1030 935 1076 998 ἷζε.

344 1179 619 1251 NATURA
664 1123 1050 1267 DEORUMJ.

487 1396 543 1451 Au
565 1395 607 1451 ru.
631 1395 815 1489 unsrun,
847 1430 856 1471 r,

516 1614 626 1678 LIBER
643 1614 790 1686 PRIMUS.

280 1842 303 1897 l.
327 1842 396 1899 Cuu
412 1842 517 1899 multae
531 1846 573 1899 re‘s
589 1841 619 1898 in
630 1841 803 1920 philosophia
814 1860 991 1917 nequaquam
1000 1842 1067 1899 satis

238 1922 329 1980 adhuc
344 1923 496 2000 explicatae
509 1922 574 1992 sint,
590 1930 653 1981 tum
669 1922 846 1998 perdifficilis,
864 1922 959 1989 Brute,
975 1920 1064 1997 (quod

238 2012 270 2060 tu
285 2004 402 2060 minime
416 2004 539 2079 ignoras)
554 2011 582 2061 et
596 2003 758 2080 perobscura
770 2002 897 2078 quaestio
911 2012 951 2060 est
966 2002 1000 2059 de
1013 2022 1065 2060 na-

238 2093 301 2141 tura
315 2083 448 2143 deorum:
472 2104 542 2160 quae
556 2094 584 2141 et
599 2083 633 2141 ad
649 2082 819 2159 agnitionem
833 2082 920 2140 animi
935 2083 1063 2159 pulcher.

237 2164 308 2221 rima
322 2174 374 2231 est,
400 2164 483 2222 etad
504 2163 702 2222 moderandam
724 2163 883 2239 religionem
905 2164 1063 2222 necessaria.

238 2245 280 2301 De
304 2265 360 2320 qua
381 2255 440 2303 tam
462 2244 554 2302 variae
575 2254 641 2303 sunt
662 2244 882 2302 doctissimorum
904 2244 1061 2312 hominum,

124 2389 129 2404 Ι,
237 2334 353 2399 tamque
362 2325 555 2401 discrepantes,
567 2324 729 2392 sententiae,
746 2334 778 2381 ut
788 2344 888 2401 magno
899 2335 1062 2401 argumento

237 2424 294 2461 esse
308 2405 415 2470 debeat,
438 2424 558 2470 causam,
580 2403 609 2459 id
624 2413 665 2460 est
678 2404 844 2480 principium
864 2403 1060 2481 philosophiae,

237 2504 294 2541 esse
318 2484 480 2542 scientiam:
506 2483 710 2561 prudenterque
736 2482 916 2541 Academicos
940 2505 957 2542 a
980 2487 1061 2545 rebus

236 2565 347 2623 incertis
366 2565 550 2623 assensionem
572 2564 733 2623 cohibuisse.
777 2563 851 2631 Quid
866 2574 908 2624 est
929 2566 1004 2625 enim
1019 2578 1062 2625 te.

235 2647 364 2708 meritare
377 2646 497 2704 fortius?
542 2646 603 2703 Aut
618 2646 685 2721 quid
700 2654 759 2704 tum
775 2648 962 2715 temerarium,
985 2658 1063 2706 tam.

235 2742 291 2801 que'
310 2726 457 2803 indignum
479 2727 610 2804 sapientis
631 2727 766 2803 gravitate
786 2735 871 2803 atque
896 2730 1059 2799 constantia,

235 2827 320 2881 quarn
335 2816 385 2865 etit
398 2807 498 2865 salsum
513 2806 624 2875 sentire,
646 2817 706 2876 aut,
728 2807 801 2883 quod
816 2828 869 2865 non
886 2809 951 2868 satis
966 2811 1060 2887 explo-

235 2896 294 2945 rate
308 2897 470 2965 perceptum
484 2887 519 2946 sit
534 2897 563 2946 et
577 2887 728 2964 cognitum,
744 2888 802 2945 sino
817 2890 874 2947 ulla
888 2888 1061 2948 dubitatione

235 2967 401 3026 defendere?

277 3049 366 3106 Velut
387 3048 416 3105 in
437 3050 489 3106 hac
504 3048 673 3125 quaestione,
688 3049 810 3126 plerique
835 3048 923 3124 (quod
937 3051 1061 3109 maxime

235 3128 384 3186 verisimile
405 3139 457 3196 est,
479 3140 507 3187 ot
522 3149 577 3206 quo
602 3150 697 3188 omnes
712 3129 781 3187 duce
801 3147 902 3187 natura
916 3129 1062 3202 vehimurl

134 3241 140 3292 3
234 3208 299 3267 deos
319 3230 376 3268 esse
397 3209 545 3269 dixerunt:
572 3209 702 3269 dubitare
722 3230 753 3268 se
769 3211 963 3285 Protagoras:
984 3206 1079 3258 mnus
