2367 3817
176 439 222 486 loo
379 436 434 486 DE
453 436 610 487 NATURA
629 436 798 489 DEORUM.
868 440 930 490 Llu.
946 442 1009 494 111:

171 557 238 606 nato
251 556 280 606 et
295 547 430 625 Coryphe,
447 548 550 607 Oceani
563 548 631 617 filie,
653 568 738 625 quum
753 547 875 608 Arcades
888 548 1006 610 Corium·

172 628 328 697 nominent,
341 638 369 687 et
379 629 576 707 quadrigorum
585 630 768 689 inventricem
776 628 882 689 lerunt:
898 632 1004 707 quinta

173 708 316 778 Pallantis,
337 729 408 785 quae
418 719 524 785 patrem
539 710 642 769 dicitur
656 710 836 778 interemisse,
853 710 1002 787 virginita-

172 799 231 847 tem
245 809 324 848 suam
336 791 437 849 violare
447 800 592 850 conantem
599 812 608 858 ;
630 790 675 850 cui
685 791 835 869 pinnarum
848 791 949 852 telaria
959 793 1003 858 af„

169 869 270 947 figunt.
313 871 420 949 Cupido
440 872 547 949 primus
574 872 711 931 Mercurio
732 880 761 930 ct
789 871 880 933 Diana
908 873 1034 950 prims·

172 960 256 1009 natus
270 952 390 1011 dicitur:
412 952 558 1020 secundus,
583 952 721 1012 Mercurio
735 961 764 1011 et
777 953 887 1011 Venere
901 972 1003 1013 secun.

172 1030 226 1090 dc:
258 1034 361 1091 tertius
375 1033 489 1110 quidem
509 1042 551 1092 est
573 1033 703 1102 Anteros,
728 1034 820 1096 Morte
840 1041 868 1094 et
889 1032 1002 1093 Venere

172 1113 263 1171 tertia.
536 1162 539 1178 ,

212 1196 309 1269 Atque
322 1195 389 1251 haec
403 1194 526 1269 quidem,
549 1202 577 1252 et
588 1194 737 1272 ejusmodi,
756 1214 792 1252 ex
806 1202 898 1253 vetere
913 1194 1002 1256 Grac-

171 1273 228 1332 ciae
249 1275 324 1332 lama
344 1274 455 1332 collecta
476 1283 541 1332 suut
552 1294 560 1342 ;
589 1274 691 1351 q'uibus
719 1274 850 1351 intelligis
870 1276 1003 1342 resisten.

171 1354 240 1413 dum
254 1375 320 1424 esse,
342 1375 378 1413 ne
391 1356 587 1432 perturbentur
601 1354 753 1431 religiones.
795 1355 891 1415 Vestri
904 1365 1002 1424 autem

171 1455 227 1493 uon
247 1436 329 1495 modo
350 1438 417 1494 baec
437 1456 493 1494 non
514 1436 652 1505 refellunt,
675 1455 773 1495 verum
794 1436 880 1494 etism
902 1437 1001 1497 confir-

171 1527 261 1585 mant,
277 1517 482 1596 interpretando
494 1537 625 1594 quorsum
641 1517 764 1595 quidque
777 1517 922 1594 pertinent.
945 1519 1002 1580 Sed

172 1617 203 1655 eo
212 1598 284 1675 jam,
307 1599 381 1656 uude
397 1598 453 1656 huc
467 1598 579 1675 digressi
595 1618 700 1667 sumus,
723 1606 904 1657 revertamur.

214 1679 333 1737 XXIV.
356 1680 438 1737 Num
453 1699 544 1737 censes
558 1680 645 1757 igitur
657 1679 799 1739 subtiliore
812 1678 918 1738 ratione
932 1700 1002 1759 opus

171 1780 228 1818 esse
242 1761 278 1819 ad
292 1761 359 1819 heco
373 1761 520 1819 refellenda
532 1763 544 1817 l
571 1781 639 1819 nam
649 1770 787 1829 mentem,
802 1759 897 1828 fidem,
911 1781 1000 1837 spem,

172 1842 317 1909 virtutem,
337 1842 479 1908 honorem,
495 1841 650 1911 victoriam,
665 1842 794 1910 salutem,
816 1841 998 1912 concordiam,

171 1932 331 1998 caeteraque
344 1921 490 1998 ejusmodi.
504 1941 598 1981 rerum
614 1923 672 1980 vim
682 1924 783 1982 habere
791 1919 928 1989 videmus,
943 1942 1000 1983 non

171 2002 293 2061 deorum.
323 2003 385 2061 Aut
395 2002 470 2060 enim
483 2003 511 2061 in
520 2004 659 2063 nobismet
670 2003 767 2062 insunt
778 2001 852 2080 ipsis,
865 2011 899 2059 ut
908 2021 1001 2073 mens,

171 2084 292 2154 utfides,
306 2093 339 2143 ut
354 2104 424 2162 spes,
444 2094 476 2142 ut
492 2084 591 2153 virtus,
607 2094 639 2144 ut
654 2083 813 2143 concordia:
836 2092 887 2142 sut
900 2093 1000 2161 opten-

170 2165 221 2224 dae
234 2166 314 2223 uobis
328 2174 393 2223 sunt
407 2174 440 2222 ut
455 2166 551 2233 honos,
573 2174 606 2223 ut
620 2165 703 2232 salus,
725 2173 758 2223 ut
773 2162 905 2223 victoria:
930 2184 999 2241 que·
1049 2165 1052 2170 ’

169 2265 233 2304 rum
254 2266 347 2304 rerum
369 2244 521 2304 utilitatem
535 2245 630 2314 vide0;
652 2245 732 2304 video
746 2243 832 2302 etism
846 2253 1000 2304 conmorats

170 2327 325 2385 simulacra.
360 2326 453 2391 Quare
462 2335 558 2385 autem
568 2325 599 2384 in
609 2325 653 2384 bis
666 2326 707 2384 vis
718 2326 833 2384 deorum
843 2324 921 2394 insit,
936 2334 1001 2386 tum

170 2408 335 2486 intelligam,
349 2427 414 2467 cum
428 2427 584 2485 cognovero.
628 2405 690 2473 Quo
704 2408 732 2464 in
742 2424 839 2482 genere
850 2405 895 2461 vel
905 2406 1002 2470 murt

170 2508 215 2545 me
230 2498 272 2548 est
286 2490 413 2547 Fortuna
432 2486 613 2552 numeranda,
644 2505 729 2562 quam
748 2502 830 2542 nemo
844 2484 880 2539 ab
900 2482 996 2540 incon-

170 2570 274 2628 stantia
287 2578 316 2627 ct
331 2568 487 2627 temeritate
502 2567 644 2643 sejunget:
666 2583 737 2639 quae
751 2562 835 2638 digne
855 2568 927 2619 certe
940 2580 997 2620 nou

172 2650 356 2785 sudbrireoriero
370 2726 439 2802 quid
453 2744 501 2783 vos
514 2724 563 2783 illa
583 2722 701 2783 delectat
722 2720 868 2798 explicatio
888 2723 996 2782 fabula.

168 2827 242 2873 rum,
258 2806 426 2865 etenodatio
436 2804 603 2863 nominum?
621 2813 763 2862 exsectum
774 2823 791 2861 s
801 2802 858 2862 filio
869 2804 996 2873 Coelum,

169 2890 296 2947 vinctum
310 2886 407 2945 itidem
422 2907 439 2945 a
452 2886 509 2945 filio
524 2886 687 2945 Saturnum.
730 2884 816 2951 Haec,
838 2893 867 2943 et
881 2886 936 2945 elie
950 2906 997 2964 ge-

168 2972 242 3030 neris
254 2969 387 3048 ejusdem,
402 2968 443 3027 ito
453 2965 610 3036 defenditis,
626 2975 656 3026 ut
672 2966 702 3035 ii,
717 2966 766 3043 qui
777 2966 831 3024 ista
844 2966 995 3033 finxerunt,

168 3051 319 3128 non-modo
333 3070 389 3108 non
404 3050 504 3119 insani,
519 3050 567 3108 sed
581 3050 667 3108 etium
678 3048 761 3106 luisse
770 3048 906 3125 sopientes
919 3048 997 3104 vide.

163 3142 259 3193 entur.
302 3133 336 3191 In
351 3131 500 3191 enodandis
514 3140 609 3191 autem
623 3128 794 3196 nominibus,
812 3128 887 3204 quod
900 3128 996 3186 miser·

144 3214 260 3271 andum
274 3214 322 3283 sit,
346 3214 489 3276 laboratis.
535 3213 685 3281 Saturnus,
706 3209 774 3287 ouis
784 3228 814 3266 se
825 3217 932 3266 saturet
945 3229 995 3266 un-

124 3290 198 3346 uis:
210 3295 358 3377 uranon,
381 3300 456 3379 quia
469 3320 581 3381 magns
596 3296 705 3360 vertite
721 3292 870 3358 ullusne,
881 3288 1014 3364 nuruum·
