2367 3817
160 468 229 519 Cur.
241 471 284 533 bl,
296 471 337 520 55.
385 465 437 520 DE
454 468 607 521 tribuat
624 468 794 521 DEORUM.
932 465 983 518 '1⁰1

162 583 275 662 piatque
282 566 407 643 animam
418 604 492 655 com,
505 603 577 661 quae
587 582 672 643 ducta
682 584 719 643 sit
731 583 841 662 spiritu,
855 582 987 642 caridem-

161 685 216 741 qua
225 684 244 723 a
253 666 432 743 pulmonibus
441 666 566 743 respiret,
577 674 606 724 et
615 664 730 724 reddat:
751 666 854 743 tegitur
865 664 986 742 quodam

158 745 241 823 quasi
252 747 387 826 operculo,
401 746 476 823 quod
484 747 519 806 ob
531 766 595 805 eam
605 766 716 805 causam
725 746 823 806 dutum
836 757 888 816 est,
903 766 948 813 ne,
964 746 987 802 si

157 828 230 903 quid
242 828 273 887 in
286 848 349 887 eam
360 828 414 887 cibi
427 830 496 887 forte
506 827 657 897 incidisset,
671 828 785 907 spiritus
797 828 987 907 impediretur.

201 909 257 968 sed
272 929 337 969 cum
357 909 415 968 alvi
434 919 545 979 natura,
567 910 692 987 subjecta
712 910 861 977 stomacho,
884 908 937 966 cibi
958 923 987 967 et

159 990 280 1067 potionis
300 990 338 1049 sit
358 991 580 1068 receptaculum:
602 990 747 1068 pulmones
766 1000 873 1057 autem,
895 999 924 1047 et
944 1009 989 1049 cor

159 1071 331 1130 extrinsecus
351 1071 660 1150 spiritumadducant:
681 1071 710 1128 in
724 1070 787 1129 alvo
811 1072 989 1132 multarunt

160 1152 326 1212 mirabiliter
339 1154 444 1223 effecta,
467 1173 539 1230 quae
557 1160 684 1211 constant
698 1152 781 1210 screa
795 1153 895 1211 nervis.
938 1154 989 1211 Est

158 1242 258 1292 autem
278 1235 428 1311 multiplex
450 1243 480 1293 et
500 1243 633 1303 tortuosa,
656 1244 785 1311 arcetque
806 1241 834 1291 et
854 1233 989 1300 continet,

160 1314 221 1373 sire
235 1315 428 1374 illudendum
439 1324 490 1384 est,
505 1316 564 1373 sive
573 1315 735 1385 humidum,
749 1316 824 1392 quod
835 1315 942 1384 recidit,
957 1325 990 1373 ut

156 1395 193 1454 id
202 1397 308 1455 mutari
321 1407 349 1455 et
360 1397 491 1473 concoqui
501 1397 605 1475 possit:
623 1416 712 1473 eaque
726 1405 789 1455 tum
798 1396 989 1473 adstringitur,

163 1485 228 1535 tum
248 1478 396 1545 relaxatur,
420 1489 506 1554 atquc
526 1496 619 1545 omne,
644 1476 719 1553 quod
739 1476 848 1552 accipit,
870 1478 942 1553 cogit
963 1490 991 1535 et

159 1557 319 1624 confundit,
340 1568 373 1615 ut
392 1558 472 1616 facile
488 1567 517 1615 et
538 1558 635 1624 calore,
655 1576 741 1648 quem
761 1556 885 1614 multum
908 1558 992 1616 habet

162 1638 313 1695 exterendo
327 1638 397 1708 cibo,
411 1648 441 1696 et
450 1648 590 1715 praeterea
604 1635 703 1715 spiritu
717 1637 812 1696 omniu
822 1649 898 1696 cocta
907 1646 992 1714 atque

160 1717 309 1792 confecta
302 1739 332 1777 m
345 1682 485 1795 reliquum
500 1738 598 1796 corpus
612 1718 782 1777 dividantur.

208 1799 272 1858 LV.
296 1801 329 1857 In
344 1800 523 1893 pulmonibus
536 1809 586 1857 aut
588 1820 632 1857 em
648 1800 720 1857 inest
736 1800 833 1858 raritas
847 1800 992 1894 quaedam,

159 1890 194 1939 et
207 1880 337 1940 assimilis
351 1882 471 1959 spongiis
484 1881 640 1948 mollitudo,
654 1881 698 1939 ad
711 1881 897 1941 hauriendum
912 1883 994 1961 spiri-

165 1973 230 2021 tum
243 1963 406 2040 aptissima:
427 1963 553 2039 quitum
575 1982 604 2020 se
625 1963 793 2021 contrahunt
812 1962 993 2042 adspirantes,

164 2054 230 2102 tum
254 2044 355 2121 spiritu
378 2044 508 2113 dilatant,
537 2053 570 2102 ut
594 2044 751 2120 frequenter
775 2044 893 2103 ducatur
917 2044 995 2102 cibus

163 2124 305 2193 animalis,
320 2145 375 2202 quo
388 2126 513 2183 maxime
525 2125 642 2184 aluntur
653 2125 819 2183 animantes.
850 2126 896 2183 Ex
909 2126 996 2183 intes„

167 2206 235 2264 tinis
249 2216 344 2265 autem
358 2214 387 2264 et
400 2207 473 2276 alvo,
495 2216 614 2265 secretus
626 2226 645 2265 a
657 2207 763 2283 reliquo
777 2206 837 2265 cibo
851 2226 947 2265 succus
961 2207 994 2275 is,

163 2305 224 2364 quo
237 2288 348 2358 alimur,
363 2287 553 2365 permanatad
562 2290 651 2367 jecur,
665 2307 715 2365 per
725 2287 859 2366 quasdam
873 2309 891 2347 a
904 2288 996 2347 medio

160 2368 301 2428 intestino
315 2368 452 2446 usquead
466 2378 558 2445 portus
569 2370 669 2448 jecoris
684 2368 738 2441 (sic
750 2369 826 2427 enim
841 2370 996 2449 appellant)

169 2450 268 2508 ductas
281 2459 308 2507 et
323 2450 439 2507 directas
451 2450 518 2519 vias,
533 2469 605 2526 quae
614 2450 754 2527 pertinent
768 2450 804 2509 ad
813 2452 902 2529 jecur,
917 2449 997 2528 eique

165 2529 330 2589 adhaerent.
372 2531 469 2605 Atque
489 2530 553 2587 inde
572 2530 644 2589 aliae
663 2531 832 2608 pertinentes
853 2542 928 2599 sunt,
950 2552 999 2609 per

165 2631 240 2687 quas
252 2610 328 2669 cadit
341 2612 418 2670 cibus
431 2630 450 2668 a
468 2612 559 2689 jecore
573 2611 709 2691 delapsus„
752 2611 844 2671 Abeo
858 2614 917 2671 cibo
932 2632 997 2671 cum

167 2702 213 2749 est
234 2702 336 2751 secreta
350 2692 422 2758 bilis,
443 2692 520 2770 iique
533 2693 673 2761 humores,
694 2692 794 2771 quiex
808 2694 920 2752 renibus
933 2713 998 2771 pro-

171 2772 338 2843 funduntur,
358 2774 465 2851 reliqua
478 2794 508 2832 se
521 2774 550 2832 in
564 2775 728 2853 sanguinem
745 2783 867 2844 vertunt,
887 2774 924 2833 ad
938 2794 997 2833 eas·

171 2853 292 2929 demque
305 2864 396 2932 portas
406 2855 505 2933 jecoris
519 2856 673 2926 confluunt,
696 2856 731 2914 ad
746 2876 814 2932 quas
828 2876 923 2914 omnes
937 2857 997 2933 ejus

173 2935 236 2992 uiae
248 2935 403 3012 pertinent:
425 2956 475 3014 per
487 2956 556 3013 quas
565 2937 658 3014 lapsus
669 2936 746 2995 cibus
759 2938 789 2994 in
803 2938 855 2995 hoc
869 2938 927 3013 ipso
941 2935 998 2994 loco

117 3059 122 3070 ,
174 3016 287 3073 ineam
301 3036 412 3085 venam,
437 3036 508 3093 quae
529 3038 598 3075 cava
621 3018 741 3111 appellat
743 3038 785 3087 ur,
810 3014 998 3081 confunditur,

173 3119 276 3178 perque
289 3118 350 3157 eam
365 3098 401 3157 ad
416 3117 461 3156 cor
474 3099 641 3157 confectus
629 3118 691 3176 Jam
705 3108 868 3174 coactusque
881 3095 999 3172 perlabi·

175 3195 240 3239 tur.
260 3200 279 3238 a
290 3179 371 3238 cordo
390 3188 486 3238 autem
501 3178 530 3237 in
545 3189 637 3238 totum
652 3199 748 3257 corpus
762 3176 939 3265 distribuitur
952 3194 1000 3252 per

175 3281 260 3319 venas
268 3260 420 3320 admodum
430 3260 566 3329 multaa'
559 3281 589 3319 m
603 3280 699 3319 ornnes
711 3269 803 3338 partes
812 3254 929 3334 corporis
939 3275 1002 3334 per-

173 3344 303 3402 tinentcs.
