2367 3817
302 282 359 293 --···
373 278 429 295 ww
443 270 592 306 munuum,
614 266 662 296 neu
675 259 816 295 uulcllleln
829 254 914 292 ellam
928 252 940 288 Ε

298 317 431 392 quoniam
444 338 541 377 earum
556 338 666 395 quoque
686 316 791 377 artium
810 314 937 375 homines

297 407 433 456 omniur.
477 398 560 456 Nihil
581 399 668 477 igitur
686 398 766 458 affert
786 408 866 477 pater
884 395 937 454 isto

295 493 381 553 quare
395 478 534 537 mundum
542 479 649 539 ratione
660 479 703 538 uti
713 489 856 558 putemus,
870 495 920 535 neo
934 494 944 532 c

295 567 354 616 tem
368 559 482 637 quidem
495 580 562 620 esse.
605 560 672 619 Non
687 561 829 639 elligitur
847 554 945 617 muudi

294 647 390 700 tamen
401 640 472 699 nihil
482 650 523 700 est
535 662 567 701 eo
576 641 691 700 meliust
712 642 783 700 nihil
794 648 836 699 est
847 638 945 699 enime

293 719 365 779 nihil
378 722 457 781 nobis
478 723 637 791 salutarius,
658 722 731 781 nihil
751 721 875 781 ornatius
895 718 947 793 adn

293 807 380 879 tuque
394 804 576 863 constantius.
617 803 700 872 Quod
720 803 743 862 si
756 802 881 861 mundus
900 798 948 857 uni

291 893 334 941 est
348 883 425 953 deus,
439 903 476 942 ne
492 886 587 944 stellae
598 885 722 964 quidem,
737 904 806 962 quus
817 894 850 942 tu
864 881 949 940 innun

291 962 405 1023 deorum
421 985 536 1025 numero
550 967 716 1045 reponebas:
740 983 858 1044 quarum
873 970 901 1021 te
912 981 950 1021 eu:

291 1043 359 1102 biles
369 1046 530 1122 aeternique
540 1047 734 1106 delectabant:
758 1065 808 1104 nec
828 1044 950 1103 meherct

290 1134 357 1183 sunt
371 1126 446 1183 enim
460 1126 618 1186 admirabili
633 1127 841 1204 incredibilique
863 1132 952 1184 consta

289 1224 346 1262 non
360 1206 463 1277 omnia,
486 1207 580 1279 Balbe,
605 1229 676 1287 quae
696 1228 791 1269 cursus
813 1214 899 1266 certos
917 1213 946 1263 et

287 1285 401 1356 habent,
416 1308 449 1347 eu
458 1288 508 1347 deo
522 1290 614 1368 potius
628 1289 776 1349 tribuenda
785 1297 860 1357 sunt,
874 1304 954 1363 quan

331 1367 370 1428 X.
390 1368 467 1435 Quid
481 1370 637 1430 Chalcidico
652 1371 756 1449 Euripo
770 1369 801 1429 in
814 1379 895 1428 motu
912 1366 955 1425 ide

289 1446 452 1526 ciprocando
467 1458 549 1529 putas
563 1451 622 1509 fieri
643 1472 721 1530 posse
735 1449 931 1511 constantius?

289 1529 452 1591 Siciliensi?
474 1532 543 1610 quid
557 1532 660 1592 Oueani
673 1532 778 1593 fervore
788 1532 844 1591 illis
858 1531 888 1589 in
899 1528 957 1588 loeis
