2367 3817
199 481 266 539 Car.
277 489 320 551 35,
331 490 372 537 36.
416 488 465 537 De
484 477 642 537 NATURA
659 484 828 536 Duorum.
996 481 1029 531 83

267 597 333 647 Prae
342 612 370 646 se
380 596 460 646 undas
470 597 563 652 volvit:
582 596 689 646 vortices
700 596 725 643 vi
736 594 855 644 suscitat:
899 590 902 596 ’

207 718 209 721 ,
251 695 253 698 v
267 662 330 712 Ruit
340 664 471 726 prolapsa:
489 665 592 728 pelagum
603 663 741 727 respergit3
759 661 839 709 reflat.
886 673 889 678 ·

267 729 310 779 Ita
319 730 381 779 dnm
391 730 559 792 interruptum
571 730 658 779 credas
669 728 781 779 nimbum
793 726 895 785 volvier,

267 793 336 845 Dum
348 796 414 859 quod
425 797 530 845 sublime
541 796 623 845 ventio
634 794 765 860 expulsum
776 794 831 855 rapi

266 861 369 921 Saxum,
380 867 425 911 aut
436 862 557 925 procellis,
570 862 611 910 vel
622 862 734 926 globosos
745 860 857 908 turbinos

267 929 396 977 Exsistere
406 929 470 977 ictos
480 929 554 977 undis
565 927 785 981 concursantibus;

266 995 291 1043 N
293 995 324 1042 isi
335 1010 398 1057 quaa
408 1000 538 1043 terrestres
549 999 641 1057 pontus
652 999 748 1055 strages
759 991 855 1039 conciet
866 1008 875 1049 ς

267 1062 319 1109 Aut
329 1061 394 1109 forto
406 1060 503 1118 Triton,
515 1061 614 1109 fuscina
625 1065 740 1108 evertens
750 1072 847 1121 specus,

266 1127 357 1175 Subter
367 1126 464 1175 radices
475 1128 575 1189 penitus
586 1127 691 1175 undanti
702 1125 728 1172 in
738 1125 802 1173 freto

266 1194 361 1242 lllolem
371 1209 405 1242 ex
415 1194 537 1256 profundo
548 1208 651 1242 saxeun
661 1192 694 1241 ad
706 1192 802 1240 coelum
814 1188 920 1248 vomit?

199 1289 320 1349 Dubitat
333 1290 432 1367 primo,
448 1310 519 1366 quae
534 1288 571 1347 sit
581 1309 615 1347 ea
624 1298 735 1357 natura,
751 1308 837 1364 quam
848 1286 935 1345 remit
948 1285 1028 1363 igno-

198 1381 274 1429 tam:
297 1369 437 1446 idemque,
459 1370 612 1448 juvenibus
638 1368 714 1437 visis,
740 1368 891 1444 auditoque
914 1366 1027 1425 nautico

198 1460 283 1510 cantu
296 1471 303 1507 :

202 1586 205 1589 .
264 1548 282 1575 “
289 1543 443 1662 Ispcpthqqppti
453 1551 529 1606 atquc
539 1544 635 1593 alacres
646 1542 733 1591 rostris
740 1540 894 1605 perfremunt

316 1625 356 1672 ep
428 1636 528 1651 --·

198 1707 268 1763 item
282 1704 337 1763 alia
347 1705 456 1763 multa:

291 1848 293 1853 ,
600 1796 719 1847 “Silvani
730 1797 795 1847 melo

265 1864 425 1914 Consimilem
435 1864 468 1913 ad
478 1879 553 1913 aures
563 1869 665 1913 cantum
676 1870 702 1914 et
713 1864 826 1914 auditum
837 1863 944 1934 refert.”

198 1979 271 2057 Ergo
285 1986 317 2037 ut
330 1977 376 2035 hic
389 1977 479 2055 primo
488 1976 621 2055 adspectu
633 1976 792 2037 inanimum
803 1977 947 2055 quiddam,
963 1998 1026 2036 seu-

198 2080 284 2136 suque
298 2078 430 2127 monum,
451 2078 480 2115 se
500 2066 583 2136 putat
604 2077 733 2127 oemere;
756 2067 818 2135 post
831 2066 927 2116 autem
941 2058 1028 2135 signis

197 2139 366 2208 certioribus,
388 2138 469 2216 quale
483 2138 520 2197 sit
533 2138 572 2207 id,
594 2138 699 2215 dequo
717 2137 905 2209 dubitaverat,
927 2138 1026 2217 incipit

197 2220 348 2298 suspicariz
370 2219 409 2277 sic
422 2218 579 2297 philosophi
594 2217 759 2288 debuerunt,
781 2218 806 2277 si
819 2218 889 2278 forte
903 2239 948 2278 eos
961 2221 1025 2300 ¹pri·

197 2322 261 2359 mus
274 2300 420 2378 adspectus
434 2299 533 2357 mnudi
549 2300 770 2368 conturbaverat,
785 2308 888 2377 postea,
903 2319 968 2359 cum
980 2300 1025 2358 vi-

197 2381 301 2439 dissent
325 2387 420 2437 motus
440 2380 500 2457 ejus
520 2378 614 2436 linitos
634 2389 663 2437 et
683 2379 849 2455 aequabiles,
877 2381 1025 2457 omniaque

186 2461 265 2518 -ratis
279 2458 421 2516 ordinibus
439 2458 590 2522 moderata,
612 2458 841 2534 immutabilique
860 2461 1024 2531 constantia,

198 2539 350 2616 intelligere
364 2538 451 2596 inesse
464 2538 586 2615 aliquem
607 2558 662 2596 non
684 2538 773 2596 solum
796 2538 980 2599 habitatorem
995 2543 1024 2601 in

197 2622 249 2679 hac
264 2618 425 2692 coelestino
445 2617 544 2676 divina
564 2616 655 2685 domo,
677 2616 724 2676 sed
744 2618 830 2677 etiam
851 2629 981 2681 rectorem
996 2634 1024 2683 et

197 2701 408 2765 moderatorem,
430 2709 458 2758 et
479 2710 615 2776 tanquam
636 2698 819 2759 architectum
840 2700 912 2759 tanti
927 2705 1022 2782 operis,

197 2781 324 2855 tantique
337 2782 469 2839 muneris.
1011 2811 1015 2822 ¹

228 2861 384 2919 XXXVI.
407 2862 493 2920 Nunc
507 2871 603 2919 autem
617 2861 688 2919 mihi
700 2861 831 2921 videntur
843 2884 879 2922 ne
892 2867 1024 2944 suspicari

198 2941 321 3017 quidem,
344 2951 450 3017 quanta
470 2942 507 2999 sit
527 2940 727 3001 admirabilitas
748 2944 907 3002 coelestium
929 2954 1022 3004 rerum

197 3034 282 3098 atque
295 3023 477 3080 terrestrium.
519 3020 656 3098 Principio
666 3022 742 3080 enim
754 3032 836 3092 terra,
852 3024 905 3082 sita
919 3024 947 3082 iu
962 3044 1023 3083 me-

195 3102 244 3159 uia
257 3111 335 3179 parte
348 3102 458 3171 mundi,
477 3098 643 3159 circumfusa
656 3102 779 3179 undique
793 3112 835 3161 est
848 3105 900 3159 hac
913 3105 1023 3161 animat

197 3182 246 3239 bili
272 3182 449 3259 spirabilique
469 3191 579 3252 natura,
603 3180 650 3240 cui
667 3201 777 3241 nomen
795 3192 841 3239 eet
857 3185 923 3243 aar,
939 3182 1040 3233 meaa.

193 3282 256 3318 eum
284 3262 357 3319 illud
385 3262 513 3340 quidem,
542 3264 593 3323 sed
613 3273 769 3343 receptum
790 3262 861 3338 'qam
876 3264 986 3309 tamen
1002 3268 1071 3301 aaa

179 3358 197 3395 a
211 3341 317 3399 nostris
326 3364 338 3413 ;
361 3344 470 3406 tritum
493 3356 540 3408 est
556 3347 643 3409 enim
655 3366 713 3428 pro
727 3342 857 3405 hau'mo·
896 3328 1003 3409 §aaa
1019 3336 1073 3372 W
