2367 3817
287 313 353 353 mur
366 295 402 353 ab
415 294 529 352 homine
541 313 597 352 non
612 270 672 351 tam
693 291 790 360 laceto,
811 309 897 366 quam
918 310 928 346 ε

287 373 427 433 licentiam
449 375 542 432 libero.
583 372 663 439 Quae
683 372 759 430 enim
780 379 869 449 potest
890 390 928 428 esc

287 454 310 512 si
321 454 361 512 dii
374 454 499 513 humana
513 473 568 511 non
583 452 706 511 curant?
727 472 799 528 quac
812 459 907 509 autem
921 471 928 509 ι

288 543 361 605 tura,
375 535 446 593 nihil
456 536 576 593 curans?
621 533 724 593 Verius
734 543 775 591 cst
789 532 875 610 igitur
887 531 928 589 nii

288 616 363 693 quod
375 614 519 675 familiaris
533 615 661 673 omnium
671 614 797 672 nostriim
809 612 924 672 Posidon

287 696 317 756 in
331 698 400 756 libro
414 697 512 774 quinto
527 694 561 754 de
582 705 684 755 natura
704 692 828 763 deorum,
849 693 926 752 nullo

289 779 408 857 Epicuro
422 778 510 837 videri
521 798 531 846 ς
552 795 678 853 quaeque
689 776 712 834 is
726 775 760 833 de
771 774 823 832 diii
834 774 929 832 immor

288 860 347 931 erit,
364 858 486 918 invidiae
493 857 671 917 detestandae
681 854 888 935 gratiadixisse.
925 854 928 911 ζ

287 948 347 999 tam
362 940 497 1017 desipiens
511 939 617 1008 suisset,
642 947 674 997 ut
695 936 857 996 homunculi
882 935 928 993 sin

286 1019 411 1097 fingeret,
425 1019 602 1078 lineamentis
615 1019 755 1077 duntaxat
775 1016 914 1084 extremis,

287 1099 372 1158 solido
383 1120 393 1169 3
415 1098 547 1158 membris
570 1097 693 1157 hominis
717 1097 874 1175 praeditum
899 1116 928 1155 or

286 1181 474 1239 membrorum
496 1200 532 1237 ne
551 1178 670 1237 minimo
691 1177 826 1256 quidem3
848 1177 928 1236 exiler

285 1270 371 1339 atque
383 1261 567 1339 perlucidum,
588 1260 660 1319 nihil
681 1258 812 1336 cuiquam
836 1258 928 1317 tribue

286 1342 496 1417 gratificantem,
512 1341 625 1400 omnino
639 1340 710 1400 nihil
724 1349 877 1408 curantem,
892 1338 928 1396 nil

286 1420 365 1487 Quae
377 1431 478 1481 natura
491 1422 616 1499 primum
629 1420 708 1482 nulla
722 1440 779 1479 esse
789 1429 895 1499 potest:
921 1418 928 1476 i

285 1503 422 1581 Epicurus
436 1522 465 1561 re
478 1502 562 1572 tollit,
583 1503 706 1561 oratione
726 1501 858 1578 relinquit
879 1500 928 1558 dcc

284 1585 307 1642 si
321 1583 445 1643 maxime
458 1583 521 1643 uui·
536 1592 577 1642 eet
591 1582 668 1652 deus,
694 1591 725 1642 ut
746 1582 824 1641 nulla
845 1580 929 1659 gratia
