2367 3817
381 286 393 294 ν
583 262 650 272 ......
670 258 706 271 ...,
726 248 816 290 mque
835 241 890 274 111111

297 296 352 353 alio
362 298 463 373 juncta
475 305 560 372 atque
569 313 701 358 connexa,
714 295 815 353 habere
824 240 898 372 sliqsi

298 376 431 453 cipetum,
455 386 489 434 ut
503 377 533 434 in
546 375 660 434 homine
672 384 808 447 mentem,
829 377 858 435 in
881 378 900 436 h

297 456 514 526 similemantis,
540 455 616 514 unda
630 455 754 515 oriantur
777 476 872 518 rarum
894 478 902 516 ι

297 539 427 596 arborum
448 547 545 596 autem
559 545 588 595 et
601 556 698 595 earum
720 557 824 608 renim,
849 558 904 616 qua

298 629 379 689 terra,
394 619 532 679 radicibus
546 617 634 678 inesse
643 618 815 698 principatus
821 629 906 715 putat

299 710 362 759 tum
376 711 473 760 autem
487 700 516 759 id
529 693 600 767 dico,
615 699 690 771 quod
704 699 802 758 Graeci
815 722 907 775 ηγεμο

299 802 353 859 quc
366 782 437 840 nihil
452 783 481 840 in
495 799 606 859 quoque
619 799 717 859 genere
728 800 780 838 nac
793 789 885 859 petest
897 801 909 840 1

297 863 490 940 praestantius.
533 863 634 938 ltaque
646 881 753 920 neceam
766 871 820 931 est,
832 861 904 920 illud

298 943 334 1002 sit
348 944 434 1002 tutius
447 952 564 1001 naturae
574 941 754 1020 principatus,
769 943 827 1001 essa
835 943 912 1002 unni

298 1023 481 1099 omniumque
503 1041 597 1080 rerum
618 1031 756 1108 potestate
774 1022 915 1083 dominatu

297 1121 388 1161 mum.

341 1183 480 1242 Videmus
490 1192 596 1252 autem,
610 1182 641 1241 in
650 1183 776 1262 partibus
786 1184 887 1244 mundi
898 1182 918 1259 (ι

299 1265 329 1323 in
343 1264 420 1324 omni
433 1264 549 1334 mundo,
570 1264 645 1342 quod
658 1283 715 1323 non
733 1283 798 1342 pars
816 1266 920 1326 univen

298 1363 410 1403 sensum
424 1345 611 1404 strationem.
649 1346 683 1403 In
698 1355 816 1423 sapmte
825 1347 921 1424 igitur,

298 1425 327 1483 ui
342 1425 414 1484 inest
427 1425 609 1503 principatus,
623 1427 691 1484 haec
704 1426 793 1484 inesse
805 1446 915 1485 neccsse

298 1506 412 1584 quidem
424 1516 508 1584 atque
518 1509 633 1586 majora.
667 1506 801 1574 Quocirca
811 1507 924 1585 sapienta

298 1588 368 1647 dum
382 1606 490 1647 neccsse
503 1598 563 1648 eat:
585 1597 771 1665 naturamque
785 1607 857 1654 eam,
878 1608 924 1665 qus

298 1670 442 1748 complexa
453 1679 556 1738 teneat,
567 1669 732 1747 perfectione
744 1668 859 1727 rationis
869 1688 924 1726 exc«

299 1750 384 1810 deum
398 1771 455 1809 csse
468 1750 619 1819 mundum,
643 1768 812 1826 amnemque
826 1749 886 1807 vim
898 1769 924 1808 m

297 1830 394 1887 divina
407 1831 539 1879 cautim:
