2367 3817
192 449 292 510 cini,
302 447 340 499 fl.
402 445 463 496 ml
482 447 633 497 NATURA
645 445 822 499 DEORUM.
968 446 1024 497 ,115

188 570 222 619 et
235 574 386 619 aeternam.
429 558 457 617 Α
471 559 558 618 Balbo
572 564 669 619 autern
681 555 915 626 animadvertisti,
931 556 1019 623 eredo,

187 661 279 718 quam
298 641 390 700 mults
413 640 488 699 dieta
508 641 575 709 sint,
600 660 750 717 quamque,
762 639 861 700 etiam
881 639 905 698 si
917 639 1019 702 ssminus

186 742 266 790 nera,
277 731 376 781 tamen
389 731 456 800 epta
469 722 543 779 inter
554 740 583 779 se
597 730 626 779 et
637 720 816 781 cohaerentia
861 722 960 798 Itaque
974 740 1019 777 co-

192 803 259 880 gito,
274 812 307 861 ut
320 802 389 870 dixi,
403 822 460 861 non
474 811 534 861 tam
548 801 668 861 refellere
681 802 742 881 ejus
755 801 915 871 orationem,
933 821 1018 879 quani

192 904 234 952 ea,
256 904 327 961 quae
341 883 435 941 minus
456 882 591 953 intellexi,
613 882 758 960 requirere.
800 882 901 950 Quare,
923 883 1018 949 Balbe,

185 964 242 1022 tibi
258 964 399 1043 permitto,
423 964 620 1042 responderene
643 964 716 1022 mihi
736 964 828 1033 melis,
848 963 883 1021 de
903 963 1018 1039 singulis

192 1047 273 1104 rebus
287 1044 431 1122 quaerenti
445 1054 518 1103 exte
532 1064 574 1113 ea,
589 1064 661 1122 quae
675 1064 775 1123 parurn
789 1044 890 1123 accepi,
904 1064 941 1102 an
954 1044 1018 1102 uni·

186 1146 301 1185 -versam
314 1126 411 1186 audire
425 1126 577 1185 orationem
587 1146 690 1184 meam.
727 1126 803 1184 Tum
817 1125 937 1185 Balbus:
960 1126 1018 1203 Ego

187 1227 267 1278 reso,
289 1207 395 1286 siquid
415 1207 557 1286 explanari
578 1207 630 1265 tibi
645 1208 729 1275 voles,
750 1206 911 1284 respondere
924 1208 1018 1265 molo:

193 1289 236 1347 sin
249 1309 295 1347 me
309 1288 484 1367 interrogare,
499 1308 554 1348 non
569 1297 629 1347 tarn
643 1288 815 1366 intelligendi
826 1308 916 1357 causa,
931 1307 1018 1365 quarn

187 1370 351 1440 refellendi;
372 1381 471 1429 utrum
482 1369 687 1430 voles'faciem:
709 1370 754 1429 vel
763 1369 800 1428 111
814 1369 933 1446 singula,
947 1388 1018 1446 quae

190 1451 441 1527 requires,.statim
455 1449 641 1527 respondebo:
665 1450 721 1521 vel,
741 1469 806 1510 cum
819 1449 961 1527 peroraris,
983 1450 1019 1507 111

192 1551 295 1590 omme.

234 1611 275 1669 Il.
299 1611 375 1670 Tum
390 1610 483 1683 Cotta,
508 1611 634 1691 Optime,
654 1610 763 1690 inquit:
785 1612 966 1689 quamobrem
980 1610 1019 1671 sic

191 1710 316 1769 agamus,
341 1701 375 1750 ut
401 1713 451 1752 nos
475 1694 535 1771 ipsa
558 1691 636 1751 ducit
656 1693 751 1752 oratio.
793 1692 848 1751 Sed
868 1702 1019 1769 antequam

192 1773 226 1831 de
240 1792 279 1843 re,
303 1773 449 1851 paneade
472 1793 528 1832 me.
571 1774 640 1833 Non
663 1774 739 1832 enim
763 1773 937 1833 mediocriter
956 1793 1019 1833 mo.

192 1875 258 1914 reor
280 1856 444 1914 auctoritate
469 1866 530 1924 tua,
556 1855 652 1925 Balbe,
680 1855 855 1933 orationeque
879 1875 920 1924 ee,
949 1875 1019 1932 quae

186 1956 237 1995 me
250 1935 284 1995 in‘
303 1935 453 2015 perorando
474 1937 676 2008 cohortabatur,
698 1946 732 1997 ut
751 1937 950 2006 meminissem,
973 1956 1019 1994 me

189 2026 219 2075 et
241 2018 354 2077 Cottam
368 2038 426 2077 esse
446 2027 474 2077 st
487 2018 666 2096 pontificem:
688 2018 762 2095 quod
774 2039 816 2089 eo,
838 2018 926 2087 credo,
942 2018 1019 2076 vale-

187 2099 249 2167 bat,
275 2109 308 2158 ut
331 2099 482 2177 opiniones,
507 2118 576 2176 quas
596 2119 614 2159 a
637 2100 788 2193 majoribus
808 2099 964 2176 accepimus
984 2098 1019 2162 de

191 2177 244 2237 diis
272 2180 486 2250 immortalibus,
517 2200 603 2250 saera,
635 2181 828 2248 caeremonias,
859 2179 1019 2257 religiones

190 2280 245 2337 que
269 2261 452 2320 defenderem.
496 2262 554 2340 Ego
576 2282 641 2321 vero
665 2282 710 2321 eas
732 2261 879 2321 defendam
901 2280 1017 2340 semper,

191 2361 353 2419 semperque
376 2341 503 2399 defendi:
523 2361 575 2400 nee
599 2362 645 2401 me
667 2362 703 2400 ex
724 2362 758 2400 ea
771 2343 909 2420 opinione,
933 2362 1018 2419 quam

182 2421 209 2479 'a
228 2422 380 2500 majoribus
399 2422 491 2498 accepi
511 2421 546 2479 de
566 2423 646 2481 cultu
669 2421 784 2481 deorum
806 2423 1019 2490 immortalium,

192 2503 277 2562 ullius
292 2522 418 2581 unquam
432 2502 519 2561 oratio
532 2512 583 2561 aut
597 2502 671 2563 docti
691 2513 742 2562 aut
762 2502 866 2562 indocti
886 2503 1018 2564 movebit.

191 2584 247 2642 Sed
268 2604 333 2643 eum
354 2583 389 2641 de
409 2582 538 2660 religione
563 2584 665 2661 agitur,
692 2584 727 2643 Τ.
748 2583 965 2654 Coruncanium,
988 2585 1020 2644 P.
1059 2613 1064 2621 ·

186 2665 359 2744 Scipionem,
381 2665 413 2722 P
435 2665 606 2734 Scaevolam,
630 2663 773 2743 pontifices
793 2665 940 2737 maximos,
962 2687 1018 2726 non

192 2746 343 2818 Zenonem,
364 2755 415 2805 aut
429 2746 605 2815 Cleanthem,
626 2757 676 2806 sut
693 2746 886 2825 Chrysippum
901 2768 1018 2845 sequor;

187 2827 334 2904 habeoque
355 2828 387 2885 C.
403 2827 531 2886 Laelium
549 2848 694 2905 augurem,
716 2829 891 2907 eundemque
911 2832 1019 2923 sapien·

192 2917 262 2976 tem,
284 2927 367 2999 quern
388 2910 481 2985 potius
500 2908 614 2967 audiam
635 2910 669 2967 de
689 2909 819 2987 religione
836 2911 996 2970 dicentem
989 2933 1019 2971 11

192 2988 240 3047 illa
254 3009 300 3047 ora
302 2989 375 3047 tione
388 2989 484 3059 nobili,
499 3008 585 3065 quarn
600 3010 769 3066 quemquam
780 2991 932 3070 principem
943 2993 1018 3051 Stoi·

186 3089 297 3129 corum.
339 3070 487 3163 Cumque
491 3070 581 3128 omnis
605 3072 700 3164 populi
727 3072 847 3131 Romani
870 3073 995 3149 religio'
989 3095 1019 3132 1n

186 3171 277 3220 sacra,
300 3150 372 3209 etin
385 3150 508 3229 auspicia
527 3151 619 3212 divisa
638 3153 696 3211 sit:
718 3152 840 3210 tertium
855 3151 1035 3237 1111111111

180 3232 235 3298 sit,
256 3252 280 3289 sr
276 3232 366 3308 quid
378 3232 582 3313 praedictionis
596 3254 695 3305 cansa,
714 3227 915 3309 1111111111
925 3234 960 3277 11
966 3241 1062 3273 mxx-

177 3311 253 3381 stris,
277 3313 433 3394 Sibyllae
425 3328 619 3403 interpretes,
635 3314 861 3395 haruspicesne
875 3298 1066 3360 mamm
