2367 3817
518 266 610 292 wau·
593 263 646 292 υνυ
650 260 673 291 ss
694 246 823 300 illustret,
837 242 917 292 citet

296 336 350 392 qne
347 280 491 375 Martem
493 276 580 372 linae
593 312 651 372 Soli
672 312 843 382 obediant,
835 318 919 391 ipset

297 415 409 455 omnem
424 415 474 453 sua
487 395 549 452 luco
561 393 708 471 compleat,
721 395 757 453 ab
771 412 857 470 coque
872 395 921 453 Lm

298 474 475 553 graviditates
495 482 524 532 et
551 482 648 551 partus
674 477 780 544 afferat,
810 475 923 533 maturit

296 555 390 616 nendi.
431 553 510 622 Quae
524 553 661 631 copulatio
678 572 781 623 rerum,
802 562 831 613 ct
851 556 925 631 quasi

296 635 442 695 odmundi
456 634 677 694 incolumitatem
689 636 890 714 coagmentatio
896 655 927 695 na

296 738 352 775 non
370 726 475 786 movet,
496 716 572 775 hunc
593 715 694 774 horum
714 714 786 773 nihil
806 733 929 792 unquam

296 808 368 857 certo
383 797 446 857 scio.

335 878 463 937 XLVII.
486 877 558 955 Age,
578 886 613 935 ut
625 896 643 936 a
656 874 817 935 coelestibus
830 876 912 935 rebus
932 903 934 934 ι

297 959 461 1017 veniamus:
482 956 551 1034 quid
565 957 651 1015 estin
665 956 718 1026 his,
741 956 770 1015 in
785 977 840 1033 quo
853 977 909 1017 non
922 978 936 1016 1

297 1038 476 1115 intelligentis
488 1038 640 1114 appareat?
684 1035 830 1115 Principio,
852 1057 937 1117 corun

296 1126 527 1185 nummatam,
548 1117 647 1195 stirpes
661 1127 690 1176 et
703 1117 884 1177 stabilitatem
904 1118 940 1177 da

297 1198 443 1267 sustinent,
458 1206 533 1256 etex
547 1205 620 1256 tenu
627 1217 740 1257 succum
752 1198 877 1266 trahunt,
892 1219 942 1276 qu<

297 1278 521 1373 quaaradicibus
524 1278 718 1337 continentius
740 1277 944 1357 obducunturqi

297 1360 395 1418 cortica
416 1358 517 1428 trunci,
539 1378 594 1434 quo
612 1356 672 1417 sint
692 1358 906 1436 asi-igoribuset
920 1380 944 1419 ca

296 1439 387 1497 tiores·
428 1438 447 1496 J
448 1458 495 1497 am
507 1457 571 1497 vero
582 1438 684 1498 vitas'
663 1460 702 1498 sic
713 1439 854 1498 claviculis
863 1440 944 1499 admi

297 1537 382 1595 quam
396 1519 535 1589 manibus,
557 1519 777 1597 apprehendunt,
799 1529 884 1597 atque
898 1541 926 1579 se

297 1610 329 1658 ut
343 1598 507 1659 animantes.
549 1598 625 1663 Quin
643 1601 728 1655 etiam
745 1620 758 1645 a
775 1602 899 1642 msa...
931 1603 944 1625 ι
