2367 3817
339 246 453 300 HM
462 258 503 299 ll·
525 264 567 299 Aa
580 268 783 318 nunnunquam
805 287 884 298 ....

297 319 372 377 boui.
415 319 470 381 an
493 320 608 399 quidem
621 322 793 396 ascribimus,
817 319 973 378 attribuimv

297 398 356 459 ulia
366 400 472 459 ratione
481 400 535 459 diis
545 401 760 460 immortalibus.
791 400 973 477 AtDiagoras

297 480 481 540 mothrsciam
492 481 623 550 venisset,
637 482 746 540 Atheos
759 482 805 540 ille
815 481 865 557 qui
878 480 973 540 dicitur

298 559 414 636 quidam
428 560 544 632 amicus,
560 567 581 595 “
592 562 648 631 Tu,
663 561 712 640 qui
726 561 790 621 deos
803 570 886 640 putas
899 561 973 619 humi

298 660 371 717 gere,
385 661 477 702 nonne
491 642 700 712 animadvertis,
715 662 750 701 ex
764 651 807 701 tot
820 641 923 701 tabulis
932 640 972 719 pie

298 722 383 780 multi
398 723 470 781 votis
485 724 545 783 viru
558 724 732 802 tempestatis
745 722 902 801 effugerint,
917 722 970 799 inp

297 802 368 860 salvi
389 804 565 881 pervenerim
576 804 609 860 ?’'
642 803 718 863 “Ita
740 804 801 873 fit,'’
827 804 936 879 iuquit:
961 808 969 833 ‘

296 902 436 960 nusquam
444 884 518 962 piati
532 893 608 953 sunt,
634 884 683 963 qui
696 883 839 962 nautiagia
852 884 967 942 feserunt

296 963 375 1040 rique
388 964 555 1043 perierunt''
598 965 742 1042 Idemque,
758 984 822 1023 oum
836 963 862 1023 ei
875 962 965 1040 navigi

297 1063 349 1113 res,
371 1045 487 1104 adversa
500 1054 666 1123 tempestate
679 1045 773 1104 timidi
787 1054 816 1103 et
829 1044 964 1122 perterriti

296 1143 353 1182 non
366 1124 470 1203 injuria
483 1123 535 1183 sibi
549 1125 620 1185 illud
633 1124 763 1194 accidere,
785 1125 835 1202 qui
855 1126 937 1184 illurn
955 1124 962 1183 i

295 1223 398 1276 navem
408 1204 591 1283 recepisseut3
613 1205 733 1266 ostendit
747 1206 786 1264 eis
800 1206 829 1263 in
843 1205 940 1265 eodem
954 1226 960 1261 s

295 1294 341 1343 tas
353 1285 422 1345 alias
435 1285 610 1357 laborantes3
631 1286 834 1365 quaesivitque,
854 1306 926 1345 num
946 1306 958 1344 ε

295 1365 415 1424 navibus
429 1365 579 1443 Diagoram
593 1368 658 1426 vehi
679 1366 827 1426 crederent.
868 1366 916 1426 Sis
936 1385 956 1424 ev

296 1446 391 1516 habet,
409 1454 441 1505 ut
454 1447 491 1505 ad
504 1467 662 1525 prosperam
675 1446 855 1506 adversamve
868 1447 954 1506 fortur

296 1526 342 1597 sis,
366 1535 417 1587 aut
430 1527 670 1606 quemadmodum
683 1528 794 1597 vixeris,
809 1526 880 1585 nihil
894 1527 952 1586 inte

296 1608 533 1680 animadvertunt,
548 1609 652 1687 inquit,
673 1608 767 1668 omnia
780 1607 839 1665 dii:
860 1627 898 1666 ne
910 1627 951 1685 ref

297 1687 373 1756 Quid
387 1699 428 1750 est
443 1689 555 1748 simile?
589 1692 678 1769 Reges
691 1688 767 1747 euim
783 1688 805 1745 si
820 1687 935 1747 seientes

296 1780 371 1835 tunt,
388 1791 491 1842 magna
504 1771 584 1847 culpa
599 1780 648 1829 est.
693 1768 736 1828 At
746 1768 796 1827 deo
809 1788 845 1826 ne
858 1788 947 1827 exous
