2367 3817
163 478 226 528 Csr.
240 476 331 536 tuto
384 476 434 526 DE
452 475 603 528 NATURA
621 473 788 527 DEORUM·
960 473 999 527 77·

163 586 288 647 videntia
301 586 442 646 mundum
454 585 654 646 administrari.
695 586 816 663 Magnus
829 604 895 644 sane
905 585 989 656 locus,

162 678 192 727 et
205 688 223 726 a
236 670 343 735 vestris,
365 668 457 735 Cotta,
479 676 613 725 vexatus:
642 686 674 725 ac
689 666 825 725 nimirum
846 666 989 727 vobiscum

162 768 245 810 omne
259 758 397 807 certamen
411 757 462 805 est.
504 745 584 806 Nam
599 747 686 815 vobis,
701 746 803 815 Vellei,
824 746 919 807 minus
938 768 989 807 no-

161 832 225 889 tum
237 838 288 898 est,
299 827 536 905 quemadmodum
545 825 669 905 quidque
676 826 798 885 dicatur:
816 837 906 887 vestra
914 829 989 888 enirn

162 910 253 969 solum
277 909 378 986 legitis,
405 917 498 967 vestra
520 908 632 975 amatis,
653 915 772 967 caeteros
795 926 877 967 causa
897 909 991 988 incog-

162 991 224 1050 nita
247 988 446 1048 condemnetis.
498 987 587 1046 Velut
608 1008 625 1047 a
645 997 674 1047 te
694 987 763 1065 ipso,
788 988 914 1066 hestemo
935 989 990 1059 die,

161 1070 270 1130 dictum
279 1078 332 1138 est,
342 1088 428 1127 anum
439 1068 580 1128 fatidicum
591 1065 765 1139 sspdvoeava
776 1068 876 1127 Stoicis
886 1069 990 1140 induci,

162 1151 254 1219 idest,
276 1148 492 1212 Providentiam.
533 1147 615 1217 Quod
629 1168 660 1206 eo
674 1167 776 1207 errrore
788 1148 895 1221 dixisti,
924 1151 991 1228 quia

162 1231 307 1291 existimas
319 1231 356 1289 ab
375 1229 420 1288 his
432 1229 636 1309 providentiam
657 1228 724 1307 fingi
745 1229 823 1308 quasi
848 1232 989 1310 quendam

162 1311 245 1371 deam
259 1311 436 1389 singularem,
451 1331 522 1388 quae
535 1310 675 1369 mundum
690 1330 802 1370 omnem
817 1312 951 1389 gubernet
961 1326 990 1371 et

163 1403 247 1471 reget.
288 1392 344 1451 Sed
358 1391 387 1450 id
406 1391 525 1469 praecise
545 1391 656 1450 dicitur.
699 1390 753 1458 Ut,
777 1391 799 1449 si
821 1391 989 1467 quisdicat,

164 1472 381 1532 Atheniensium
394 1471 595 1549 rempublicam
609 1470 720 1529 consilio
736 1471 803 1547 regi,
825 1470 895 1530 desit
909 1472 989 1540 illud,

164 1552 321 1631 Areopagi:
350 1552 398 1619 sic,
413 1571 478 1609 cum
499 1550 629 1618 dicimus,
656 1549 830 1628 providentia
849 1551 989 1610 mundum

163 1632 361 1699 administrari,
375 1630 468 1688 deesse
480 1629 608 1697 arbitror,
629 1629 743 1688 deorum
755 1650 765 1697 3
790 1630 871 1708 plene
883 1642 989 1699 autem,

163 1723 192 1771 et
212 1712 330 1791 perfecte
350 1711 390 1769 sic
410 1709 464 1768 dici
488 1710 657 1777 existimato,
681 1709 855 1787 providentia
876 1712 990 1772 deorum

163 1793 304 1853 mundum
318 1790 516 1853 administrari.
558 1790 604 1849 Ita
617 1790 702 1849 salem
722 1789 820 1860 istum,
841 1812 896 1869 quo
917 1806 990 1860 earet

164 1884 256 1933 vestre
268 1873 355 1944 natio,
376 1872 406 1929 in
419 1869 565 1930 irridendis
578 1871 657 1929 nobis
675 1870 790 1930 nolitote
810 1892 988 1935 consumere:

163 1965 192 2012 et
205 1954 352 2023 mehercle,
372 1953 396 2011 si
410 1972 456 2011 me
469 1952 599 2021 audiatis,
620 1972 656 2010 ne
669 1952 850 2030 experiamini
865 1955 989 2031 quidem.

165 2035 195 2093 N
198 2055 233 2095 on
247 2034 343 2093 deoet:
365 2053 421 2092 non
435 2032 535 2092 datum
548 2042 606 2092 est:
628 2053 684 2091 nou
695 2027 816 2110 potestis.
852 2035 883 2093 N
885 2056 916 2095 ec
927 2057 991 2096 vero

163 2116 215 2175 hoc
229 2115 258 2173 in
273 2125 301 2173 te
314 2134 370 2173 uuo
384 2114 523 2184 convenit,
547 2112 671 2173 moribus
692 2112 849 2173 domesticis
871 2135 903 2176 ac
926 2136 991 2176 nos.

164 2207 270 2255 trorum
284 2196 430 2253 hominum
445 2194 604 2253 urbanitate
616 2193 733 2271 liniator
758 2194 805 2252 sed
819 2214 884 2254 cum
898 2196 927 2255 in
947 2218 991 2255 re.

164 2275 253 2353 liquos
267 2286 380 2342 vestros,
395 2285 458 2334 tum
472 2275 501 2332 in
516 2294 583 2333 eum
596 2274 730 2343 maxime,
744 2274 793 2352 qui
807 2275 861 2335 ista
873 2278 990 2356 peperit,

163 2358 307 2416 homiuem
320 2358 380 2414 sine
389 2364 458 2422 arte,
471 2354 531 2412 sine
541 2354 639 2422 literis,
653 2354 835 2413 insultantem
846 2356 876 2414 in
884 2377 989 2427 omnes,

164 2438 223 2496 sine
236 2436 365 2494 acumine
379 2435 446 2503 ullo,
460 2434 519 2492 sine
532 2433 707 2500 auctoritate,
725 2433 784 2490 sine
796 2434 895 2511 lepore.

205 2517 305 2574 XXX.
328 2515 397 2574 Dico
410 2514 497 2591 igitur
515 2511 690 2589 providentia
713 2511 826 2571 deorum
851 2515 990 2576 mundum

165 2607 192 2656 et
206 2616 302 2656 omnes
316 2595 416 2654 mundi
429 2602 531 2672 partes,
556 2601 585 2651 et
599 2591 679 2651 initio
699 2593 864 2653 constitutas
884 2615 941 2655 esse
963 2608 991 2657 et

165 2678 242 2740 omni
261 2687 384 2755 tempore
403 2673 612 2742 administrari3
637 2677 754 2749 eamque
774 2674 990 2754 disputationem

166 2769 220 2817 tres
234 2760 263 2816 iu
277 2768 369 2837 partes
382 2756 468 2815 nostri
482 2755 537 2814 fere
550 2754 701 2814 dividunt:
724 2775 841 2831 quarum
857 2778 920 2836 pum
932 2764 991 2840 pri.

165 2851 214 2898 m'a
226 2847 280 2906 est,
298 2852 369 2915 quae
382 2838 494 2896 ducitur
505 2836 541 2895 ab
554 2856 587 2894 ea
607 2836 722 2905 ratione,
743 2857 814 2913 quae
834 2838 914 2899 docet
934 2864 991 2905 esse

165 2919 249 2978 deos:
275 2939 330 2995 quo
343 2937 466 2976 concesso
480 2916 668 2975 confitendum
690 2926 741 2984 est,
762 2937 858 2977 eorum
880 2925 991 2986 oonsilio

166 2999 305 3057 mundum
319 2997 516 3057 administrari.
551 2995 679 3055 Secunda
689 3007 730 3058 est
740 3006 846 3069 autem,
860 3021 931 3078 quae
942 3003 990 3065 do.

166 3088 219 3148 cet,
233 3099 329 3138 omnes
342 3099 384 3136 res
397 3079 534 3156 subjectas
547 3097 604 3135 esse
618 3086 733 3135 naturae
743 3080 884 3150 sentienti,
898 3084 933 3140 ab
944 3104 991 3143 ea.

165 3179 220 3236 que
234 3159 328 3217 omnia
337 3158 520 3237 pulcherrime
531 3157 585 3235 geri
598 3179 606 3214 s
628 3177 683 3234 quo
693 3158 856 3226 constituto,
867 3164 997 3233 sedulum

164 3241 201 3297 ab
212 3239 402 3299 animantibus
413 3238 560 3320 principiis
573 3258 639 3301 eum
649 3258 712 3299 esse
721 3247 904 3318 generatam
940 3238 1023 3289 Rex-
