2367 3817
289 300 344 356 quo
358 281 440 340 debet
454 284 582 362 intelligi,
603 306 653 345 nes
673 286 792 364 figuram
812 287 908 346 situm(

288 361 363 429 rum,
374 382 424 420 nec
437 362 541 441 ingenii
555 368 713 444 mentisque
727 370 796 438 vim,
811 368 896 428 talem

288 440 408 501 fortuna.
449 444 556 516 Restat,
572 456 606 505 ut
619 448 741 519 doceam,
762 458 848 527 atque
867 449 908 508 ali

288 540 357 591 rem,
372 524 475 594 omnis,
490 546 561 603 quae
575 527 632 586 sint
645 528 675 587 iu
688 531 740 589 hoc
754 531 869 599 mundo,
883 551 908 607 qt

284 601 424 674 homines,
439 606 587 666 hominum
602 628 685 669 causa
698 611 771 670 sacta
786 631 843 670 esse
857 622 885 671 et
900 632 908 689 1

330 686 428 744 LXII.
448 688 585 766 Principio
600 690 658 768 ipse
671 692 795 751 mundus
814 693 908 751 deorut

282 785 343 841 que
357 786 439 826 causa
452 769 541 828 factus
554 781 616 830 est:
642 792 768 850 quaeque
781 774 811 831 in
825 794 856 833 so
870 794 908 832 sut

287 848 708 923 parataadfructumhominum
718 864 748 912 et
758 854 873 913 inventa
881 875 908 912 su

281 927 411 987 mundus
424 932 503 1006 quasi
517 935 674 993 communis
687 935 800 993 deorum
811 936 908 1012 atque}

284 1026 360 1076 mus,
376 1018 427 1067 aut
440 1013 506 1070 urbs
520 1025 709 1092 utrorumque.
752 1016 809 1075 Soli
823 1018 900 1076 enim

283 1096 339 1155 -taes,
350 1090 414 1166 jure
427 1110 459 1149 ac
473 1091 531 1170 lege
546 1094 657 1154 vivunt.
700 1097 743 1155 Ut
763 1096 849 1174 igitur
863 1098 908 1157 Au

288 1168 492 1242 eudaemonem,
529 1176 746 1237 Atheniensium
780 1178 908 1237 Lacedae]

284 1267 380 1319 :sauss
395 1255 552 1328 putandum
567 1268 609 1316 est
621 1257 747 1318 conditas
766 1279 843 1317 esse:
865 1278 908 1318 om

283 1330 345 1387 siut
359 1330 389 1388 iu
403 1332 447 1392 his
461 1337 584 1407 urbibus,
601 1359 695 1398 eorum
710 1340 875 1419 populorum
896 1360 908 1398 r

289 1419 409 1469 cuntur:
432 1414 471 1473 sic
484 1437 675 1496 quaecumque
689 1420 799 1480 suntin
813 1420 890 1481 omni

281 1510 353 1550 uum
367 1503 452 1572 atque
464 1498 611 1559 hominum
625 1502 751 1579 putanda
764 1512 840 1561 sunt.

304 1574 397 1669 u..iam
412 1597 475 1637 vero
490 1580 621 1641 circuitus
642 1583 705 1642 solis
725 1592 754 1642 et
777 1584 908 1669 lunaequ
