2367 3817
291 283 435 353 conducto,
450 294 501 343 aut
513 284 612 352 locato,
626 293 720 343 contra
733 284 818 341 fidem
831 284 904 343 fiunt

291 363 366 421 cium
381 364 525 442 publicum
535 364 572 421 rei
588 364 712 441 privatae
726 364 784 442 lege
797 365 904 422 Laetori

290 442 410 502 siculum
424 444 597 502 malitiarum
612 444 748 513 omnium,
759 444 899 523 judicium

291 522 365 601 quod
379 524 410 582 C.
426 524 579 601 Aquillius,
594 524 737 583 familiaris
750 534 850 592 noster,
871 546 907 603 pu

291 604 385 663 dolum
400 606 476 664 idem
491 605 634 683 Aquillius
647 613 710 664 tum
731 606 819 665 teneri
839 616 907 685 putu

291 685 328 743 sit
341 686 515 755 simulatum,
529 686 607 745 aliud
620 695 725 745 actum.

331 766 413 824 Hanc
427 767 513 845 igitur
525 767 606 826 adiis
614 765 818 825 immortalibus
827 775 907 827 tanta

289 846 427 906 malorum
441 858 595 906 sementem
610 868 666 906 esse
677 845 804 905 saetam?
846 848 877 906 Si
888 869 908 907 e}

288 926 448 986 hominibus
461 927 500 986 dii
515 928 659 998 dederunt,
682 936 709 985 et
729 928 867 987 malitiam
891 929 908 986 d

288 1006 365 1066 enim
378 1008 496 1076 malitia,
511 1018 623 1067 versuta
637 1019 664 1066 et
677 1008 761 1066 fallax
774 1008 908 1068 nocendis

288 1087 373 1145 etiam
384 1088 423 1146 dii
432 1088 557 1147 fraudem
571 1088 716 1156 dederunt,
727 1088 842 1159 facinus,
858 1106 908 1148 caet

288 1187 351 1225 sum
365 1168 435 1226 nihil
450 1188 500 1226 nec
513 1169 615 1247 suscipi
629 1170 687 1226 sine
707 1170 823 1239 latione,
844 1190 895 1230 nec

288 1247 408 1308 Utinam
423 1249 517 1327 igitur,
533 1259 564 1309 ut
578 1250 627 1309 illa
639 1270 709 1309 anus
722 1260 809 1329 optat,

388 1391 507 1429 ·--“
519 1405 551 1437 ne
561 1389 588 1437 in
600 1404 699 1438 nemore
711 1388 789 1445 Pelio,
801 1388 909 1438 securibt

384 1455 465 1504 Caesa
476 1456 605 1504 cecidisset
616 1457 720 1520 abiegna
730 1456 763 1504 cd
774 1462 866 1505 terram
877 1462 909 1505 trs

284 1565 323 1626 sic
343 1564 425 1624 istam
447 1566 626 1626 calliditatem
647 1566 807 1624 hominibus
824 1566 862 1624 dii
887 1588 909 1624 n¹

284 1667 341 1722 qua
354 1649 481 1724 perpauci
496 1649 565 1706 bene
579 1658 699 1707 utuntur
711 1670 718 1714 ;
740 1647 788 1724 qui
803 1656 897 1704 tamen

285 1728 357 1785 male
372 1730 515 1786 utentibus
536 1729 750 1807 opprimuntur:
778 1727 910 1784 innumer.

284 1809 407 1851 {muralia
421 1819 542 1850 nlnnhn·
553 1831 560 1844 ν
571 1819 611 1849 'ni
626 1810 728 1849 Annum
744 1808 794 1847 lma
809 1807 905 1847 divim!
